<?xml version="1.0" encoding="UTF-8"?>
<!DOCTYPE html PUBLIC "-//W3C//DTD XHTML 1.0 Transitional//EN"
    "http://www.w3.org/TR/xhtml1/DTD/xhtml1-transitional.dtd">
<html xmlns="http://www.w3.org/1999/xhtml" xml:lang="en" lang="en">
 <head>
  <title>
</title>
<meta http-equiv="Content-Type" content="text/html;charset=utf-8" />
  <meta name='ocr-system' content='tesseract 3.04.00' />
  <meta name='ocr-capabilities' content='ocr_page ocr_carea ocr_par ocr_line ocrx_word'/>
</head>
<body>
  <div class='ocr_page' id='page_1' title='image "./serviigrammatic01thilgoog_0211.png"; bbox 0 0 3354 5430; ppageno 0'>
   <div class='ocr_carea' id='block_1_1' title="bbox 250 372 946 438">
    <p class='ocr_par' dir='ltr' id='par_1_1' title="bbox 250 372 946 438">
     <span class='ocr_line' id='line_1_1' title="bbox 250 372 946 438; baseline -0.016 -1"><span class='ocrx_word' id='word_1_1' title='bbox 250 374 314 438; x_wconf 87' lang='lat'>186</span> <span class='ocrx_word' id='word_1_2' title='bbox 825 372 946 426; x_wconf 77' lang='lat' dir='ltr'>snuvn</span> 
     </span>
    </p>
   </div>
   <div class='ocr_carea' id='block_1_2' title="bbox 190 533 1524 2546">
    <p class='ocr_par' dir='ltr' id='par_1_2' title="bbox 247 533 1523 727">
     <span class='ocr_line' id='line_1_2' title="bbox 247 533 1523 619; baseline -0.003 -16"><span class='ocrx_word' id='word_1_3' title='bbox 247 538 323 603; x_wconf 87' lang='lat' dir='ltr'>lato</span> <span class='ocrx_word' id='word_1_4' title='bbox 345 538 518 619; x_wconf 79' lang='lat' dir='ltr'><strong><em>crispans</em></strong></span> <span class='ocrx_word' id='word_1_5' title='bbox 539 536 699 600; x_wconf 83' lang='lat' dir='ltr'>hastilia</span> <span class='ocrx_word' id='word_1_6' title='bbox 718 536 820 616; x_wconf 80' lang='lat' dir='ltr'>forro</span> <span class='ocrx_word' id='word_1_7' title='bbox 847 540 876 599; x_wconf 88' lang='lat' dir='ltr'>et</span> <span class='ocrx_word' id='word_1_8' title='bbox 900 540 1120 618; x_wconf 84' lang='lat' dir='ltr'>septenaque</span> <span class='ocrx_word' id='word_1_9' title='bbox 1141 533 1232 597; x_wconf 89' lang='lat' dir='ltr'>tela:</span> <span class='ocrx_word' id='word_1_10' title='bbox 1256 534 1328 618; x_wconf 87' lang='lat' dir='ltr'>alii,</span> <span class='ocrx_word' id='word_1_11' title='bbox 1349 535 1523 616; x_wconf 79' lang='lat' dir='ltr'>qaraqnot-</span> 
     </span>
     <span class='ocr_line' id='line_1_3' title="bbox 247 640 1472 727; baseline -0.002 -18"><span class='ocrx_word' id='word_1_12' title='bbox 247 648 342 710; x_wconf 85' lang='lat' dir='ltr'>annis</span> <span class='ocrx_word' id='word_1_13' title='bbox 358 666 417 727; x_wconf 87' lang='lat' dir='ltr'>per</span> <span class='ocrx_word' id='word_1_14' title='bbox 439 645 542 709; x_wconf 65' lang='lat' dir='ltr'>earam</span> <span class='ocrx_word' id='word_1_15' title='bbox 564 649 661 720; x_wconf 68' lang='lat' dir='ltr'>meat·</span> <span class='ocrx_word' id='word_1_16' title='bbox 685 641 846 708; x_wconf 59' lang='lat' dir='ltr'>‘daemona&#39;</span> <span class='ocrx_word' id='word_1_17' title='bbox 870 664 940 726; x_wconf 76' lang='lat' dir='ltr'>erpo</span> <span class='ocrx_word' id='word_1_18' title='bbox 963 640 1096 724; x_wconf 76' lang='lat' dir='ltr'>‘saepias</span> <span class='ocrx_word' id='word_1_19' title='bbox 1117 640 1286 706; x_wconf 77' lang='lat' dir='ltr'>duodecim&#39;</span> <span class='ocrx_word' id='word_1_20' title='bbox 1309 642 1472 724; x_wconf 73' lang='lat' dir='ltr'>siqnipiaul.</span> 
     </span>
    </p>

    <p class='ocr_par' dir='ltr' id='par_1_3' title="bbox 247 748 1524 941">
     <span class='ocr_line' id='line_1_4' title="bbox 339 748 1524 834; baseline -0.002 -18"><span class='ocrx_word' id='word_1_21' title='bbox 339 754 413 817; x_wconf 79' lang='lat'><strong>233.</strong></span> <span class='ocrx_word' id='word_1_22' title='bbox 451 774 554 816; x_wconf 69' lang='lat' dir='ltr'>ronna</span> <span class='ocrx_word' id='word_1_23' title='bbox 579 753 614 815; x_wconf 91' lang='lat' dir='ltr'>id</span> <span class='ocrx_word' id='word_1_24' title='bbox 639 756 683 816; x_wconf 79' lang='lat' dir='ltr'>est</span> <span class='ocrx_word' id='word_1_25' title='bbox 701 751 814 834; x_wconf 76' lang='lat' dir='ltr'>piaque</span> <span class='ocrx_word' id='word_1_26' title='bbox 834 751 881 814; x_wconf 85' lang='lat' dir='ltr'>ael</span> <span class='ocrx_word' id='word_1_27' title='bbox 902 751 1022 832; x_wconf 73' lang='lat' dir='ltr'>siracti,</span> <span class='ocrx_word' id='word_1_28' title='bbox 1049 769 1180 831; x_wconf 81' lang='lat' dir='ltr'>qnorum</span> <span class='ocrx_word' id='word_1_29' title='bbox 1200 748 1325 830; x_wconf 84' lang='lat' dir='ltr'>primns</span> <span class='ocrx_word' id='word_1_30' title='bbox 1347 751 1524 831; x_wconf 79' lang='lat' dir='ltr'>septentrio</span> 
     </span>
     <span class='ocr_line' id='line_1_5' title="bbox 247 858 967 941; baseline -0.004 -16"><span class='ocrx_word' id='word_1_31' title='bbox 247 861 343 938; x_wconf 67' lang='lat' dir='ltr'>nulia</span> <span class='ocrx_word' id='word_1_32' title='bbox 366 860 424 938; x_wconf 89' lang='lat' dir='ltr'>oel,</span> <span class='ocrx_word' id='word_1_33' title='bbox 446 863 483 923; x_wconf 90' lang='lat' dir='ltr'>nt</span> <span class='ocrx_word' id='word_1_34' title='bbox 502 859 630 940; x_wconf 85' lang='lat' dir='ltr'>qnidam</span> <span class='ocrx_word' id='word_1_35' title='bbox 650 858 759 941; x_wconf 89' lang='lat' dir='ltr'>aolnit,</span> <span class='ocrx_word' id='word_1_36' title='bbox 781 858 967 940; x_wconf 72' lang='lat' dir='ltr'>aquilonius.</span> 
     </span>
    </p>

    <p class='ocr_par' dir='ltr' id='par_1_4' title="bbox 212 963 1524 1352">
     <span class='ocr_line' id='line_1_6' title="bbox 212 963 1523 1048; baseline -0.002 -18"><span class='ocrx_word' id='word_1_37' title='bbox 212 982 228 1030; x_wconf 80' lang='lat' dir='ltr'>a</span> <span class='ocrx_word' id='word_1_38' title='bbox 337 968 412 1031; x_wconf 81' lang='lat'><strong>234.</strong></span> <span class='ocrx_word' id='word_1_39' title='bbox 441 987 572 1030; x_wconf 72' lang='lat' dir='ltr'>corusco</span> <span class='ocrx_word' id='word_1_40' title='bbox 590 987 715 1030; x_wconf 74' lang='lat' dir='ltr'>Sauara</span> <span class='ocrx_word' id='word_1_41' title='bbox 734 987 811 1031; x_wconf 81' lang='lat' dir='ltr'>soca</span> <span class='ocrx_word' id='word_1_42' title='bbox 827 987 953 1030; x_wconf 73' lang='lat' dir='ltr'>ananus</span> <span class='ocrx_word' id='word_1_43' title='bbox 975 963 1118 1030; x_wconf 75' lang='lat' dir='ltr'>‘corusco&#39;</span> <span class='ocrx_word' id='word_1_44' title='bbox 1132 965 1266 1048; x_wconf 87' lang='lat' dir='ltr'>ardenti,</span> <span class='ocrx_word' id='word_1_45' title='bbox 1288 963 1343 1028; x_wconf 80' lang='lat' dir='ltr'>aaa</span> <span class='ocrx_word' id='word_1_46' title='bbox 1360 969 1405 1029; x_wconf 84' lang='lat' dir='ltr'>est</span> <span class='ocrx_word' id='word_1_47' title='bbox 1420 967 1523 1046; x_wconf 84' lang='lat' dir='ltr'>neqni-</span> 
     </span>
     <span class='ocr_line' id='line_1_7' title="bbox 247 1071 1523 1157; baseline 0 -20"><span class='ocrx_word' id='word_1_48' title='bbox 247 1074 382 1138; x_wconf 85' lang='lat' dir='ltr'>noetiali.</span> <span class='ocrx_word' id='word_1_49' title='bbox 428 1077 457 1137; x_wconf 84' lang='lat' dir='ltr'>et</span> <span class='ocrx_word' id='word_1_50' title='bbox 478 1074 549 1138; x_wconf 86' lang='lat' dir='ltr'>dene</span> <span class='ocrx_word' id='word_1_51' title='bbox 570 1095 591 1137; x_wconf 91' lang='lat' dir='ltr'>a</span> <span class='ocrx_word' id='word_1_52' title='bbox 613 1075 716 1138; x_wconf 84' lang='lat' dir='ltr'>naedia</span> <span class='ocrx_word' id='word_1_53' title='bbox 738 1075 845 1157; x_wconf 84' lang='lat' dir='ltr'>eoepit,</span> <span class='ocrx_word' id='word_1_54' title='bbox 871 1077 907 1136; x_wconf 91' lang='lat' dir='ltr'>nt</span> <span class='ocrx_word' id='word_1_55' title='bbox 928 1073 1096 1137; x_wconf 76' lang='lat' dir='ltr'>necassano</span> <span class='ocrx_word' id='word_1_56' title='bbox 1119 1077 1271 1136; x_wconf 74' lang='lat' dir='ltr'>extremas</span> <span class='ocrx_word' id='word_1_57' title='bbox 1293 1076 1322 1135; x_wconf 88' lang='lat' dir='ltr'>et</span> <span class='ocrx_word' id='word_1_58' title='bbox 1342 1071 1523 1137; x_wconf 62' lang='lat' dir='ltr'>latenas</span> 
     </span>
     <span class='ocr_line' id='line_1_8' title="bbox 246 1179 1524 1262; baseline -0.002 -16"><span class='ocrx_word' id='word_1_59' title='bbox 246 1201 400 1246; x_wconf 71' lang='lat' dir='ltr'>mamasac</span> <span class='ocrx_word' id='word_1_60' title='bbox 421 1181 603 1245; x_wconf 68' lang='lat' dir='ltr'>moralibus</span> <span class='ocrx_word' id='word_1_61' title='bbox 624 1181 741 1245; x_wconf 72' lang='lat' dir='ltr'>dunat.</span> <span class='ocrx_word' id='word_1_62' title='bbox 810 1202 950 1245; x_wconf 71' lang='lat' dir='ltr'>roaarnn</span> <span class='ocrx_word' id='word_1_63' title='bbox 972 1181 1066 1262; x_wconf 68' lang='lat' dir='ltr'>neca,</span> <span class='ocrx_word' id='word_1_64' title='bbox 1088 1179 1171 1260; x_wconf 88' lang='lat' dir='ltr'>qnod</span> <span class='ocrx_word' id='word_1_65' title='bbox 1191 1200 1363 1262; x_wconf 76' lang='lat' dir='ltr'>nunqnam</span> <span class='ocrx_word' id='word_1_66' title='bbox 1384 1179 1431 1244; x_wconf 85' lang='lat' dir='ltr'>sol</span> <span class='ocrx_word' id='word_1_67' title='bbox 1451 1181 1524 1244; x_wconf 81' lang='lat' dir='ltr'>inde</span> 
     </span>
     <span class='ocr_line' id='line_1_9' title="bbox 247 1289 386 1352; baseline -0.014 0"><span class='ocrx_word' id='word_1_68' title='bbox 247 1289 386 1352; x_wconf 85' lang='lat' dir='ltr'>discedat.</span> 
     </span>
    </p>

    <p class='ocr_par' dir='ltr' id='par_1_5' title="bbox 336 1391 1524 1477">
     <span class='ocr_line' id='line_1_10' title="bbox 336 1391 1524 1477; baseline 0.002 -21"><span class='ocrx_word' id='word_1_69' title='bbox 336 1393 409 1458; x_wconf 81' lang='lat'><strong>235.</strong></span> <span class='ocrx_word' id='word_1_70' title='bbox 447 1410 544 1470; x_wconf 77' lang='lat' dir='ltr'>quau</span> <span class='ocrx_word' id='word_1_71' title='bbox 568 1409 698 1457; x_wconf 80' lang='lat' dir='ltr'>ciucvu</span> <span class='ocrx_word' id='word_1_72' title='bbox 721 1410 910 1456; x_wconf 75' lang='lat' dir='ltr'>ausaausa</span> <span class='ocrx_word' id='word_1_73' title='bbox 934 1392 1016 1456; x_wconf 88' lang='lat' dir='ltr'>bene</span> <span class='ocrx_word' id='word_1_74' title='bbox 1039 1391 1236 1458; x_wconf 73' lang='lat' dir='ltr'>‘extremae&#39;</span> <span class='ocrx_word' id='word_1_75' title='bbox 1260 1393 1397 1477; x_wconf 75' lang='lat' dir='ltr'><strong>addidit,</strong></span> <span class='ocrx_word' id='word_1_76' title='bbox 1423 1394 1460 1458; x_wconf 94' lang='lat' dir='ltr'>id</span> <span class='ocrx_word' id='word_1_77' title='bbox 1479 1398 1524 1458; x_wconf 81' lang='lat' dir='ltr'>cst</span> 
     </span>
    </p>

    <p class='ocr_par' dir='ltr' id='par_1_6' title="bbox 196 1500 1522 2013">
     <span class='ocr_line' id='line_1_11' title="bbox 196 1500 1522 1586; baseline -0.001 -21"><span class='ocrx_word' id='word_1_78' title='bbox 196 1517 228 1565; x_wconf 90' lang='lat'>10</span> <span class='ocrx_word' id='word_1_79' title='bbox 247 1501 347 1565; x_wconf 75' lang='lat' dir='ltr'>dorios</span> <span class='ocrx_word' id='word_1_80' title='bbox 377 1506 407 1565; x_wconf 90' lang='lat' dir='ltr'>et</span> <span class='ocrx_word' id='word_1_81' title='bbox 434 1503 545 1578; x_wconf 83' lang='lat' dir='ltr'>notios,</span> <span class='ocrx_word' id='word_1_82' title='bbox 578 1522 617 1564; x_wconf 91' lang='lat' dir='ltr'>ne</span> <span class='ocrx_word' id='word_1_83' title='bbox 646 1522 714 1584; x_wconf 90' lang='lat' dir='ltr'>eas,</span> <span class='ocrx_word' id='word_1_84' title='bbox 748 1522 829 1584; x_wconf 93' lang='lat' dir='ltr'>quae</span> <span class='ocrx_word' id='word_1_85' title='bbox 857 1501 942 1565; x_wconf 87' lang='lat' dir='ltr'>eirca</span> <span class='ocrx_word' id='word_1_86' title='bbox 968 1500 1100 1586; x_wconf 85' lang='lat' dir='ltr'>igneam</span> <span class='ocrx_word' id='word_1_87' title='bbox 1129 1505 1218 1585; x_wconf 90' lang='lat' dir='ltr'>sunt,</span> <span class='ocrx_word' id='word_1_88' title='bbox 1250 1501 1522 1586; x_wconf 78' lang='lat' dir='ltr'>intellegeremus,</span> 
     </span>
     <span class='ocr_line' id='line_1_12' title="bbox 247 1606 1522 1695; baseline 0.001 -24"><span class='ocrx_word' id='word_1_89' title='bbox 247 1629 328 1691; x_wconf 90' lang='lat' dir='ltr'>quas</span> <span class='ocrx_word' id='word_1_90' title='bbox 352 1610 482 1672; x_wconf 88' lang='lat' dir='ltr'>constat</span> <span class='ocrx_word' id='word_1_91' title='bbox 504 1630 574 1672; x_wconf 88' lang='lat' dir='ltr'>esse</span> <span class='ocrx_word' id='word_1_92' title='bbox 598 1610 795 1691; x_wconf 89' lang='lat' dir='ltr'>temperatas</span> <span class='ocrx_word' id='word_1_93' title='bbox 819 1606 985 1671; x_wconf 78' lang='lat' dir='ltr'>vicinitate</span> <span class='ocrx_word' id='word_1_94' title='bbox 1010 1607 1128 1672; x_wconf 90' lang='lat' dir='ltr'>caloris</span> <span class='ocrx_word' id='word_1_95' title='bbox 1152 1612 1186 1672; x_wconf 94' lang='lat' dir='ltr'>et</span> <span class='ocrx_word' id='word_1_96' title='bbox 1207 1608 1356 1695; x_wconf 85' lang='lat' dir='ltr'>frigoris:</span> <span class='ocrx_word' id='word_1_97' title='bbox 1385 1630 1522 1693; x_wconf 90' lang='lat' dir='ltr'>quarum</span> 
     </span>
     <span class='ocr_line' id='line_1_13' title="bbox 247 1713 1522 1799; baseline 0.001 -21"><span class='ocrx_word' id='word_1_98' title='bbox 247 1736 345 1778; x_wconf 89' lang='lat' dir='ltr'>unam</span> <span class='ocrx_word' id='word_1_99' title='bbox 375 1736 436 1778; x_wconf 89' lang='lat' dir='ltr'>nos</span> <span class='ocrx_word' id='word_1_100' title='bbox 466 1715 667 1798; x_wconf 90' lang='lat' dir='ltr'>habitamus,</span> <span class='ocrx_word' id='word_1_101' title='bbox 699 1714 836 1778; x_wconf 88' lang='lat' dir='ltr'>alteram</span> <span class='ocrx_word' id='word_1_102' title='bbox 868 1713 1053 1798; x_wconf 80' lang='lat' dir='ltr'>antipodes,</span> <span class='ocrx_word' id='word_1_103' title='bbox 1085 1714 1126 1779; x_wconf 89' lang='lat' dir='ltr'>ad</span> <span class='ocrx_word' id='word_1_104' title='bbox 1157 1738 1238 1799; x_wconf 91' lang='lat' dir='ltr'>quos</span> <span class='ocrx_word' id='word_1_105' title='bbox 1269 1715 1346 1780; x_wconf 89' lang='lat' dir='ltr'>hine</span> <span class='ocrx_word' id='word_1_106' title='bbox 1375 1719 1522 1781; x_wconf 90' lang='lat' dir='ltr'>torrente</span> 
     </span>
     <span class='ocr_line' id='line_1_14' title="bbox 247 1821 1521 1906; baseline 0.002 -22"><span class='ocrx_word' id='word_1_107' title='bbox 247 1843 343 1904; x_wconf 87' lang='lat' dir='ltr'>zona,</span> <span class='ocrx_word' id='word_1_108' title='bbox 365 1821 442 1886; x_wconf 89' lang='lat' dir='ltr'>hino</span> <span class='ocrx_word' id='word_1_109' title='bbox 464 1821 594 1906; x_wconf 85' lang='lat' dir='ltr'>frigidis</span> <span class='ocrx_word' id='word_1_110' title='bbox 617 1822 664 1885; x_wconf 89' lang='lat' dir='ltr'>ire</span> <span class='ocrx_word' id='word_1_111' title='bbox 688 1821 905 1904; x_wconf 87' lang='lat' dir='ltr'>prohibemur.</span> <span class='ocrx_word' id='word_1_112' title='bbox 935 1821 1106 1905; x_wconf 86' lang='lat' dir='ltr'>antipodes</span> <span class='ocrx_word' id='word_1_113' title='bbox 1126 1826 1234 1886; x_wconf 87' lang='lat' dir='ltr'>autem</span> <span class='ocrx_word' id='word_1_114' title='bbox 1254 1822 1412 1906; x_wconf 90' lang='lat' dir='ltr'>dicuntur,</span> <span class='ocrx_word' id='word_1_115' title='bbox 1435 1823 1521 1906; x_wconf 92' lang='lat' dir='ltr'>quod</span> 
     </span>
     <span class='ocr_line' id='line_1_15' title="bbox 247 1927 1519 2013; baseline 0.002 -22"><span class='ocrx_word' id='word_1_116' title='bbox 247 1930 360 1991; x_wconf 88' lang='lat' dir='ltr'>contra</span> <span class='ocrx_word' id='word_1_117' title='bbox 385 1949 445 1992; x_wconf 92' lang='lat' dir='ltr'>nos</span> <span class='ocrx_word' id='word_1_118' title='bbox 468 1928 568 2012; x_wconf 90' lang='lat' dir='ltr'>positi</span> <span class='ocrx_word' id='word_1_119' title='bbox 592 1931 668 1992; x_wconf 91' lang='lat' dir='ltr'>suut</span> <span class='ocrx_word' id='word_1_120' title='bbox 691 1928 862 1993; x_wconf 81' lang='lat' dir='ltr'>contrariis</span> <span class='ocrx_word' id='word_1_121' title='bbox 886 1927 1049 2013; x_wconf 85' lang='lat' dir='ltr'>vestigiis:</span> <span class='ocrx_word' id='word_1_122' title='bbox 1072 1932 1195 1993; x_wconf 88' lang='lat' dir='ltr'>terram</span> <span class='ocrx_word' id='word_1_123' title='bbox 1218 1929 1304 1993; x_wconf 89' lang='lat' dir='ltr'>enim</span> <span class='ocrx_word' id='word_1_124' title='bbox 1328 1929 1440 1994; x_wconf 90' lang='lat' dir='ltr'>dicunt</span> <span class='ocrx_word' id='word_1_125' title='bbox 1462 1952 1519 1993; x_wconf 90' lang='lat' dir='ltr'>un·</span> 
     </span>
    </p>

    <p class='ocr_par' dir='ltr' id='par_1_7' title="bbox 190 2034 1519 2546">
     <span class='ocr_line' id='line_1_16' title="bbox 190 2034 1519 2121; baseline 0.001 -22"><span class='ocrx_word' id='word_1_126' title='bbox 190 2052 223 2101; x_wconf 86' lang='lat'>15</span> <span class='ocrx_word' id='word_1_127' title='bbox 246 2034 341 2118; x_wconf 90' lang='lat' dir='ltr'>dique</span> <span class='ocrx_word' id='word_1_128' title='bbox 365 2036 452 2100; x_wconf 89' lang='lat' dir='ltr'>caelo</span> <span class='ocrx_word' id='word_1_129' title='bbox 476 2040 509 2100; x_wconf 91' lang='lat' dir='ltr'>et</span> <span class='ocrx_word' id='word_1_130' title='bbox 531 2058 604 2100; x_wconf 90' lang='lat' dir='ltr'>aere</span> <span class='ocrx_word' id='word_1_131' title='bbox 628 2035 724 2121; x_wconf 85' lang='lat' dir='ltr'>cingi.</span> <span class='ocrx_word' id='word_1_132' title='bbox 768 2057 827 2120; x_wconf 93' lang='lat' dir='ltr'>per</span> <span class='ocrx_word' id='word_1_133' title='bbox 849 2036 909 2100; x_wconf 89' lang='lat' dir='ltr'>has</span> <span class='ocrx_word' id='word_1_134' title='bbox 933 2038 1043 2099; x_wconf 91' lang='lat' dir='ltr'>autem</span> <span class='ocrx_word' id='word_1_135' title='bbox 1066 2036 1147 2100; x_wconf 90' lang='lat' dir='ltr'>duas</span> <span class='ocrx_word' id='word_1_136' title='bbox 1171 2058 1270 2100; x_wconf 87' lang='lat' dir='ltr'>zonas</span> <span class='ocrx_word' id='word_1_137' title='bbox 1293 2036 1519 2121; x_wconf 84' lang='lat' dir='ltr'>inobliquam</span> 
     </span>
     <span class='ocr_line' id='line_1_17' title="bbox 241 2141 1519 2228; baseline 0.001 -23"><span class='ocrx_word' id='word_1_138' title='bbox 241 2141 386 2205; x_wconf 90' lang='lat' dir='ltr'>tenditur</span> <span class='ocrx_word' id='word_1_139' title='bbox 409 2143 545 2228; x_wconf 85' lang='lat' dir='ltr'>signifer</span> <span class='ocrx_word' id='word_1_140' title='bbox 569 2143 720 2225; x_wconf 90' lang='lat' dir='ltr'>circulus,</span> <span class='ocrx_word' id='word_1_141' title='bbox 743 2143 798 2226; x_wconf 91' lang='lat' dir='ltr'>qui</span> <span class='ocrx_word' id='word_1_142' title='bbox 818 2143 898 2208; x_wconf 89' lang='lat' dir='ltr'>solis</span> <span class='ocrx_word' id='word_1_143' title='bbox 918 2142 1063 2207; x_wconf 86' lang='lat' dir='ltr'>continet</span> <span class='ocrx_word' id='word_1_144' title='bbox 1082 2164 1226 2208; x_wconf 88' lang='lat' dir='ltr'>cursum:</span> <span class='ocrx_word' id='word_1_145' title='bbox 1250 2143 1333 2206; x_wconf 90' lang='lat' dir='ltr'>unde</span> <span class='ocrx_word' id='word_1_146' title='bbox 1353 2143 1452 2207; x_wconf 91' lang='lat' dir='ltr'>etiam</span> <span class='ocrx_word' id='word_1_147' title='bbox 1470 2142 1519 2226; x_wconf 93' lang='lat' dir='ltr'>fit,</span> 
     </span>
     <span class='ocr_line' id='line_1_18' title="bbox 238 2249 1518 2335; baseline 0 -22"><span class='ocrx_word' id='word_1_148' title='bbox 238 2254 275 2313; x_wconf 94' lang='lat' dir='ltr'>ut</span> <span class='ocrx_word' id='word_1_149' title='bbox 303 2250 384 2314; x_wconf 91' lang='lat' dir='ltr'>duae</span> <span class='ocrx_word' id='word_1_150' title='bbox 413 2273 513 2315; x_wconf 87' lang='lat' dir='ltr'>zonae</span> <span class='ocrx_word' id='word_1_151' title='bbox 542 2250 776 2335; x_wconf 81' lang='lat' dir='ltr'>frigidissimae</span> <span class='ocrx_word' id='word_1_152' title='bbox 800 2250 881 2334; x_wconf 88' lang='lat' dir='ltr'>sint,</span> <span class='ocrx_word' id='word_1_153' title='bbox 913 2250 953 2313; x_wconf 91' lang='lat' dir='ltr'>ad</span> <span class='ocrx_word' id='word_1_154' title='bbox 977 2273 1057 2334; x_wconf 91' lang='lat' dir='ltr'>quas</span> <span class='ocrx_word' id='word_1_155' title='bbox 1082 2272 1259 2335; x_wconf 82' lang='lat' dir='ltr'>numquam</span> <span class='ocrx_word' id='word_1_156' title='bbox 1283 2249 1420 2335; x_wconf 82' lang='lat' dir='ltr'>accedit3</span> <span class='ocrx_word' id='word_1_157' title='bbox 1452 2272 1518 2313; x_wconf 92' lang='lat' dir='ltr'>una</span> 
     </span>
     <span class='ocr_line' id='line_1_19' title="bbox 238 2356 1518 2443; baseline 0 -23"><span class='ocrx_word' id='word_1_158' title='bbox 238 2356 380 2441; x_wconf 87' lang='lat' dir='ltr'>fervens,</span> <span class='ocrx_word' id='word_1_159' title='bbox 405 2379 424 2420; x_wconf 91' lang='lat' dir='ltr'>a</span> <span class='ocrx_word' id='word_1_160' title='bbox 447 2380 510 2441; x_wconf 89' lang='lat' dir='ltr'>qua</span> <span class='ocrx_word' id='word_1_161' title='bbox 533 2379 634 2440; x_wconf 91' lang='lat' dir='ltr'>paene</span> <span class='ocrx_word' id='word_1_162' title='bbox 658 2379 835 2441; x_wconf 88' lang='lat' dir='ltr'>numquam</span> <span class='ocrx_word' id='word_1_163' title='bbox 858 2358 993 2442; x_wconf 79' lang='lat' dir='ltr'>recedit3</span> <span class='ocrx_word' id='word_1_164' title='bbox 1026 2358 1107 2423; x_wconf 89' lang='lat' dir='ltr'>duae</span> <span class='ocrx_word' id='word_1_165' title='bbox 1130 2361 1344 2443; x_wconf 84' lang='lat' dir='ltr'>temperatae,</span> <span class='ocrx_word' id='word_1_166' title='bbox 1373 2357 1414 2421; x_wconf 91' lang='lat' dir='ltr'>ad</span> <span class='ocrx_word' id='word_1_167' title='bbox 1436 2378 1518 2442; x_wconf 88' lang='lat' dir='ltr'>quas</span> 
     </span>
     <span class='ocr_line' id='line_1_20' title="bbox 239 2463 1516 2546; baseline 0.001 -19"><span class='ocrx_word' id='word_1_168' title='bbox 239 2463 383 2528; x_wconf 85' lang='lat' dir='ltr'>vicissim</span> <span class='ocrx_word' id='word_1_169' title='bbox 406 2463 503 2529; x_wconf 84' lang='lat' dir='ltr'>venit.</span> <span class='ocrx_word' id='word_1_170' title='bbox 573 2486 766 2528; x_wconf 73' lang='lat' dir='ltr'>raruanrna</span> <span class='ocrx_word' id='word_1_171' title='bbox 782 2485 843 2546; x_wconf 85' lang='lat' dir='ltr'>pro</span> <span class='ocrx_word' id='word_1_172' title='bbox 862 2463 1089 2529; x_wconf 76' lang='lat' dir='ltr'>‘extenduntur’</span> <span class='ocrx_word' id='word_1_173' title='bbox 1113 2470 1170 2529; x_wconf 90' lang='lat' dir='ltr'>ant</span> <span class='ocrx_word' id='word_1_174' title='bbox 1191 2463 1268 2529; x_wconf 77' lang='lat' dir='ltr'>‘sine</span> <span class='ocrx_word' id='word_1_175' title='bbox 1290 2464 1516 2528; x_wconf 80' lang='lat' dir='ltr'>intermissione</span> 
     </span>
    </p>
   </div>
   <div class='ocr_carea' id='block_1_3' title="bbox 185 2570 419 2638">
    <p class='ocr_par' dir='ltr' id='par_1_8' title="bbox 185 2570 419 2638">
     <span class='ocr_line' id='line_1_21' title="bbox 185 2570 419 2638; baseline 0.009 -2"><span class='ocrx_word' id='word_1_176' title='bbox 185 2589 220 2638; x_wconf 79' lang='lat' dir='ltr'>no</span> <span class='ocrx_word' id='word_1_177' title='bbox 239 2570 419 2638; x_wconf 85' lang='lat' dir='ltr'>vertantnr&#39;.</span> 
     </span>
    </p>
   </div>
   <div class='ocr_carea' id='block_1_4' title="bbox 185 2678 1517 3296">
    <p class='ocr_par' dir='ltr' id='par_1_9' title="bbox 185 2678 1517 3296">
     <span class='ocr_line' id='line_1_22' title="bbox 327 2678 1516 2761; baseline 0 -19"><span class='ocrx_word' id='word_1_178' title='bbox 327 2680 400 2744; x_wconf 81' lang='lat'><strong>236.</strong></span> <span class='ocrx_word' id='word_1_179' title='bbox 440 2701 630 2743; x_wconf 68' lang='lat' dir='ltr'>ennarrans</span> <span class='ocrx_word' id='word_1_180' title='bbox 653 2679 769 2761; x_wconf 77' lang='lat' dir='ltr'>friqore</span> <span class='ocrx_word' id='word_1_181' title='bbox 795 2679 919 2756; x_wconf 85' lang='lat' dir='ltr'>scilieet,</span> <span class='ocrx_word' id='word_1_182' title='bbox 947 2681 1022 2761; x_wconf 87' lang='lat' dir='ltr'>qnia</span> <span class='ocrx_word' id='word_1_183' title='bbox 1045 2680 1109 2760; x_wconf 84' lang='lat' dir='ltr'>ipse</span> <span class='ocrx_word' id='word_1_184' title='bbox 1130 2679 1212 2743; x_wconf 85' lang='lat' dir='ltr'>colar</span> <span class='ocrx_word' id='word_1_185' title='bbox 1235 2679 1374 2743; x_wconf 75' lang='lat' dir='ltr'>advenit</span> <span class='ocrx_word' id='word_1_186' title='bbox 1393 2678 1516 2760; x_wconf 70' lang='lat' dir='ltr'>stipari.</span> 
     </span>
     <span class='ocr_line' id='line_1_23' title="bbox 327 2786 1517 2869; baseline 0.002 -19"><span class='ocrx_word' id='word_1_187' title='bbox 327 2786 400 2850; x_wconf 77' lang='lat'><strong>237.</strong></span> <span class='ocrx_word' id='word_1_188' title='bbox 438 2808 526 2851; x_wconf 70' lang='lat' dir='ltr'>nana</span> <span class='ocrx_word' id='word_1_189' title='bbox 552 2808 757 2851; x_wconf 68' lang='lat' dir='ltr'>acarnanas</span> <span class='ocrx_word' id='word_1_190' title='bbox 785 2808 904 2850; x_wconf 69' lang='lat' dir='ltr'>ancara</span> <span class='ocrx_word' id='word_1_191' title='bbox 931 2788 1012 2851; x_wconf 68' lang='lat' dir='ltr'>siant</span> <span class='ocrx_word' id='word_1_192' title='bbox 1038 2787 1153 2850; x_wconf 85' lang='lat' dir='ltr'>dietam</span> <span class='ocrx_word' id='word_1_193' title='bbox 1180 2790 1236 2869; x_wconf 81' lang='lat' dir='ltr'>est,</span> <span class='ocrx_word' id='word_1_194' title='bbox 1268 2791 1453 2868; x_wconf 83' lang='lat' dir='ltr'>temperatae</span> <span class='ocrx_word' id='word_1_195' title='bbox 1479 2807 1517 2851; x_wconf 86' lang='lat' dir='ltr'>ea</span> 
     </span>
     <span class='ocr_line' id='line_1_24' title="bbox 238 2893 978 2976; baseline 0.003 -19"><span class='ocrx_word' id='word_1_196' title='bbox 238 2893 337 2957; x_wconf 84' lang='lat' dir='ltr'>aalan</span> <span class='ocrx_word' id='word_1_197' title='bbox 359 2895 457 2958; x_wconf 84' lang='lat' dir='ltr'>medio</span> <span class='ocrx_word' id='word_1_198' title='bbox 480 2899 509 2958; x_wconf 87' lang='lat' dir='ltr'>et</span> <span class='ocrx_word' id='word_1_199' title='bbox 527 2895 655 2976; x_wconf 56' lang='lat' dir='ltr'>fagidis</span> <span class='ocrx_word' id='word_1_200' title='bbox 678 2895 822 2959; x_wconf 78' lang='lat' dir='ltr'>antrannis</span> <span class='ocrx_word' id='word_1_201' title='bbox 845 2894 978 2959; x_wconf 74' lang='lat' dir='ltr'>arealis.</span> 
     </span>
     <span class='ocr_line' id='line_1_25' title="bbox 327 2999 1516 3080; baseline 0.002 -16"><span class='ocrx_word' id='word_1_202' title='bbox 327 2999 400 3064; x_wconf 85' lang='lat'>239.</span> <span class='ocrx_word' id='word_1_203' title='bbox 440 3023 598 3072; x_wconf 72' lang='lat' dir='ltr'>cacianus</span> <span class='ocrx_word' id='word_1_204' title='bbox 621 3023 681 3072; x_wconf 69' lang='lat' dir='ltr'>aar</span> <span class='ocrx_word' id='word_1_205' title='bbox 704 3023 932 3066; x_wconf 68' lang='lat' dir='ltr'>sestaronus!</span> <span class='ocrx_word' id='word_1_206' title='bbox 956 3022 1122 3065; x_wconf 67' lang='lat' dir='ltr'>enarrans</span> <span class='ocrx_word' id='word_1_207' title='bbox 1144 3022 1224 3065; x_wconf 84' lang='lat' dir='ltr'>oaoo</span> <span class='ocrx_word' id='word_1_208' title='bbox 1250 3001 1410 3066; x_wconf 79' lang='lat' dir='ltr'>audiaann</span> <span class='ocrx_word' id='word_1_209' title='bbox 1432 3002 1516 3080; x_wconf 85' lang='lat' dir='ltr'>dicit,</span> 
     </span>
     <span class='ocr_line' id='line_1_26' title="bbox 185 3107 1514 3192; baseline 0.002 -20"><span class='ocrx_word' id='word_1_210' title='bbox 185 3124 219 3173; x_wconf 77' lang='lat' dir='ltr'>aa</span> <span class='ocrx_word' id='word_1_211' title='bbox 237 3127 325 3189; x_wconf 80' lang='lat' dir='ltr'>quens</span> <span class='ocrx_word' id='word_1_212' title='bbox 356 3128 412 3171; x_wconf 85' lang='lat' dir='ltr'>nos</span> <span class='ocrx_word' id='word_1_213' title='bbox 443 3109 626 3192; x_wconf 57' lang='lat' dir='ltr'>signiferam</span> <span class='ocrx_word' id='word_1_214' title='bbox 657 3110 796 3175; x_wconf 77' lang='lat' dir='ltr'>dioirnaa</span> <span class='ocrx_word' id='word_1_215' title='bbox 848 3108 1002 3174; x_wconf 67' lang='lat' dir='ltr'>‘canet’</span> <span class='ocrx_word' id='word_1_216' title='bbox 1030 3112 1133 3173; x_wconf 72' lang='lat' dir='ltr'>anano</span> <span class='ocrx_word' id='word_1_217' title='bbox 1163 3107 1219 3175; x_wconf 79' lang='lat' dir='ltr'>lioa</span> <span class='ocrx_word' id='word_1_218' title='bbox 1249 3112 1294 3173; x_wconf 81' lang='lat' dir='ltr'>est</span> <span class='ocrx_word' id='word_1_219' title='bbox 1319 3129 1379 3190; x_wconf 79' lang='lat' dir='ltr'>pan</span> <span class='ocrx_word' id='word_1_220' title='bbox 1405 3109 1514 3174; x_wconf 77' lang='lat' dir='ltr'>annas</span> 
     </span>
     <span class='ocr_line' id='line_1_27' title="bbox 238 3218 428 3296; baseline 0.011 -19"><span class='ocrx_word' id='word_1_221' title='bbox 238 3218 428 3296; x_wconf 84' lang='lat' dir='ltr'>temperatas.</span> 
     </span>
    </p>
   </div>
   <div class='ocr_carea' id='block_1_5' title="bbox 235 3409 1516 4906">
    <p class='ocr_par' dir='ltr' id='par_1_10' title="bbox 331 3409 715 3479">
     <span class='ocr_line' id='line_1_28' title="bbox 331 3409 715 3479; baseline 0.01 -19"><span class='ocrx_word' id='word_1_222' title='bbox 331 3412 345 3460; x_wconf 90' lang='lat'>1</span> <span class='ocrx_word' id='word_1_223' title='bbox 365 3409 547 3479; x_wconf 88' lang='lat' dir='ltr'>septenaque]</span> <span class='ocrx_word' id='word_1_224' title='bbox 566 3409 599 3463; x_wconf 91' lang='lat' dir='ltr'>A.</span> <span class='ocrx_word' id='word_1_225' title='bbox 619 3409 645 3462; x_wconf 92' lang='lat' dir='ltr'>X</span> <span class='ocrx_word' id='word_1_226' title='bbox 663 3415 715 3464; x_wconf 77' lang='lat'>329</span> 
     </span>
    </p>

    <p class='ocr_par' dir='ltr' id='par_1_11' title="bbox 235 3550 1516 4906">
     <span class='ocr_line' id='line_1_29' title="bbox 330 3550 1516 3621; baseline 0.004 -19"><span class='ocrx_word' id='word_1_227' title='bbox 330 3555 343 3602; x_wconf 84' lang='lat'>1</span> <span class='ocrx_word' id='word_1_228' title='bbox 364 3550 520 3619; x_wconf 86' lang='lat' dir='ltr'>quodannis</span> <span class='ocrx_word' id='word_1_229' title='bbox 531 3551 557 3604; x_wconf 89' lang='lat' dir='ltr'><strong><em>L</em></strong></span> <span class='ocrx_word' id='word_1_230' title='bbox 570 3553 609 3618; x_wconf 77' lang='grc'>112</span> <span class='ocrx_word' id='word_1_231' title='bbox 630 3554 707 3606; x_wconf 90' lang='lat' dir='ltr'>meat</span> <span class='ocrx_word' id='word_1_232' title='bbox 725 3554 763 3607; x_wconf 84' lang='lat' dir='ltr'>L:</span> <span class='ocrx_word' id='word_1_233' title='bbox 783 3552 862 3606; x_wconf 91' lang='lat' dir='ltr'>ineat</span> <span class='ocrx_word' id='word_1_234' title='bbox 870 3551 974 3605; x_wconf 87' lang='lat' dir='ltr'>Daniel</span> <span class='ocrx_word' id='word_1_235' title='bbox 987 3551 997 3621; x_wconf 86' lang='lat'>]</span> <span class='ocrx_word' id='word_1_236' title='bbox 1010 3550 1150 3620; x_wconf 90' lang='lat' dir='ltr'>significat</span> <span class='ocrx_word' id='word_1_237' title='bbox 1163 3567 1223 3619; x_wconf 80' lang='lat' dir='ltr'>epo:</span> <span class='ocrx_word' id='word_1_238' title='bbox 1242 3567 1346 3620; x_wconf 87' lang='lat' dir='ltr'>segnae</span> <span class='ocrx_word' id='word_1_239' title='bbox 1363 3552 1395 3604; x_wconf 88' lang='lat' dir='ltr'>in</span> <span class='ocrx_word' id='word_1_240' title='bbox 1413 3552 1516 3607; x_wconf 73' lang='lat' dir='ltr'>launa</span> 
     </span>
     <span class='ocr_line' id='line_1_30' title="bbox 238 3621 1515 3693; baseline 0.001 -17"><span class='ocrx_word' id='word_1_241' title='bbox 238 3623 262 3688; x_wconf 83' lang='lat' dir='ltr'>l,</span> <span class='ocrx_word' id='word_1_242' title='bbox 280 3627 312 3675; x_wconf 89' lang='lat' dir='ltr'>nt</span> <span class='ocrx_word' id='word_1_243' title='bbox 329 3623 446 3687; x_wconf 81' lang='lat' dir='ltr'>aidanr,</span> <span class='ocrx_word' id='word_1_244' title='bbox 465 3621 567 3690; x_wconf 86' lang='lat' dir='ltr'>sigua*</span> <span class='ocrx_word' id='word_1_245' title='bbox 576 3623 681 3679; x_wconf 83' lang='lat' dir='ltr'>Daniel</span> <span class='ocrx_word' id='word_1_246' title='bbox 694 3624 703 3693; x_wconf 87' lang='grc' dir='ltr'>ΙΙ</span> <span class='ocrx_word' id='word_1_247' title='bbox 717 3629 734 3676; x_wconf 83' lang='grc'>4</span> <span class='ocrx_word' id='word_1_248' title='bbox 753 3623 853 3678; x_wconf 87' lang='lat' dir='ltr'>volunt</span> <span class='ocrx_word' id='word_1_249' title='bbox 865 3623 983 3689; x_wconf 81' lang='lat' dir='ltr'>Daniel,</span> <span class='ocrx_word' id='word_1_250' title='bbox 1002 3624 1117 3690; x_wconf 77' lang='lat' dir='ltr'>fortasa</span> <span class='ocrx_word' id='word_1_251' title='bbox 1130 3629 1199 3677; x_wconf 86' lang='lat' dir='ltr'>recte</span> <span class='ocrx_word' id='word_1_252' title='bbox 1212 3624 1221 3692; x_wconf 90' lang='lat'>]</span> <span class='ocrx_word' id='word_1_253' title='bbox 1235 3629 1251 3676; x_wconf 84' lang='lat'>9</span> <span class='ocrx_word' id='word_1_254' title='bbox 1271 3623 1355 3677; x_wconf 89' lang='lat' dir='ltr'>bene.</span> <span class='ocrx_word' id='word_1_255' title='bbox 1366 3666 1373 3678; x_wconf 91' lang='lat'><strong>.</strong></span> <span class='ocrx_word' id='word_1_256' title='bbox 1384 3638 1515 3691; x_wconf 72' lang='lat' dir='ltr'>quarum</span> 
     </span>
     <span class='ocr_line' id='line_1_31' title="bbox 238 3691 1515 3777; baseline 0.002 -31"><span class='ocrx_word' id='word_1_257' title='bbox 238 3708 396 3777; x_wconf 73' lang='lat' dir='ltr'>upamnos</span> <span class='ocrx_word' id='word_1_258' title='bbox 419 3691 593 3766; x_wconf 86' lang='lat' dir='ltr'>habitamus]</span> <span class='ocrx_word' id='word_1_259' title='bbox 618 3696 689 3750; x_wconf 90' lang='lat' dir='ltr'>bene</span> <span class='ocrx_word' id='word_1_260' title='bbox 712 3693 824 3777; x_wconf 78' lang='lat' dir='ltr'>addidit</span> <span class='ocrx_word' id='word_1_261' title='bbox 849 3694 1036 3776; x_wconf 65' lang='lat' dir='ltr'>‘extremae’„</span> <span class='ocrx_word' id='word_1_262' title='bbox 1051 3711 1086 3748; x_wconf 89' lang='lat' dir='ltr'>ne</span> <span class='ocrx_word' id='word_1_263' title='bbox 1106 3710 1158 3776; x_wconf 77' lang='lat' dir='ltr'>eas</span> <span class='ocrx_word' id='word_1_264' title='bbox 1180 3693 1415 3775; x_wconf 75' lang='lat' dir='ltr'>intelligeremus,</span> <span class='ocrx_word' id='word_1_265' title='bbox 1438 3712 1515 3775; x_wconf 35' lang='lat' dir='ltr'>&#39;quae</span> 
     </span>
     <span class='ocr_line' id='line_1_32' title="bbox 238 3766 1516 3909; baseline 0.001 -18"><span class='ocrx_word' id='word_1_266' title='bbox 238 3767 1205 3909; x_wconf 47' lang='lat' dir='ltr'>{ttsutttmlsttampttdtttattttttthtrtt</span> <span class='ocrx_word' id='word_1_267' title='bbox 1220 3766 1516 3906; x_wconf 62' lang='lat' dir='ltr'>tttfflagtttt‘t</span> 
     </span>
     <span class='ocr_line' id='line_1_33' title="bbox 239 3906 1515 4047; baseline -0.001 -14"><span class='ocrx_word' id='word_1_268' title='bbox 239 3925 312 4033; x_wconf 62' lang='lat' dir='ltr'>tlt}</span> <span class='ocrx_word' id='word_1_269' title='bbox 331 3908 456 4033; x_wconf 71' lang='lat' dir='ltr'>tttt</span> <span class='ocrx_word' id='word_1_270' title='bbox 471 3906 1515 4047; x_wconf 47' lang='lat' dir='ltr'>tttttdttttlhtlttltttlttdffthtitillat</span> 
     </span>
     <span class='ocr_line' id='line_1_34' title="bbox 238 3998 1513 4120; baseline 0.002 -17"><span class='ocrx_word' id='word_1_271' title='bbox 238 4050 313 4104; x_wconf 89' lang='lat' dir='ltr'>inter</span> <span class='ocrx_word' id='word_1_272' title='bbox 331 4049 447 4119; x_wconf 88' lang='lat' dir='ltr'>frigidas</span> <span class='ocrx_word' id='word_1_273' title='bbox 466 4054 495 4104; x_wconf 91' lang='lat' dir='ltr'>et</span> <span class='ocrx_word' id='word_1_274' title='bbox 512 4051 721 4107; x_wconf 84' lang='lat' dir='ltr'>inhabitabiles.</span> <span class='ocrx_word' id='word_1_275' title='bbox 745 4050 935 4119; x_wconf 86' lang='lat' dir='ltr'>Mediamque:</span> <span class='ocrx_word' id='word_1_276' title='bbox 950 3998 1027 4120; x_wconf 47' lang='lat' dir='ltr'>{aaa</span> <span class='ocrx_word' id='word_1_277' title='bbox 1040 4049 1234 4105; x_wconf 88' lang='lat' dir='ltr'>inhabitabilis</span> <span class='ocrx_word' id='word_1_278' title='bbox 1249 4050 1293 4103; x_wconf 83' lang='lat' dir='ltr'>est</span> <span class='ocrx_word' id='word_1_279' title='bbox 1307 4050 1405 4104; x_wconf 86' lang='lat' dir='ltr'>calore.</span> <span class='ocrx_word' id='word_1_280' title='bbox 1433 4050 1513 4106; x_wconf 89' lang='lat' dir='ltr'>Duae</span> 
     </span>
     <span class='ocr_line' id='line_1_35' title="bbox 239 4121 1513 4191; baseline 0.002 -17"><span class='ocrx_word' id='word_1_281' title='bbox 239 4121 405 4176; x_wconf 89' lang='lat' dir='ltr'>mortalibus</span> <span class='ocrx_word' id='word_1_282' title='bbox 424 4123 517 4191; x_wconf 82' lang='lat' dir='ltr'>aegris</span> <span class='ocrx_word' id='word_1_283' title='bbox 536 4141 650 4178; x_wconf 90' lang='lat' dir='ltr'>munere</span> <span class='ocrx_word' id='word_1_284' title='bbox 670 4138 817 4178; x_wconf 82' lang='lat' dir='ltr'>concessae</span> <span class='ocrx_word' id='word_1_285' title='bbox 835 4121 945 4176; x_wconf 86' lang='lat' dir='ltr'>diuum:</span> <span class='ocrx_word' id='word_1_286' title='bbox 979 4122 1050 4176; x_wconf 90' lang='lat' dir='ltr'>duae</span> <span class='ocrx_word' id='word_1_287' title='bbox 1068 4125 1135 4176; x_wconf 92' lang='lat' dir='ltr'>sunt</span> <span class='ocrx_word' id='word_1_288' title='bbox 1152 4138 1224 4189; x_wconf 89' lang='lat' dir='ltr'>quae</span> <span class='ocrx_word' id='word_1_289' title='bbox 1244 4138 1277 4175; x_wconf 89' lang='lat' dir='ltr'>ex</span> <span class='ocrx_word' id='word_1_290' title='bbox 1295 4138 1351 4174; x_wconf 90' lang='lat' dir='ltr'>una</span> <span class='ocrx_word' id='word_1_291' title='bbox 1368 4124 1448 4190; x_wconf 84' lang='lat' dir='ltr'>parte</span> <span class='ocrx_word' id='word_1_292' title='bbox 1467 4139 1513 4176; x_wconf 87' lang='lat' dir='ltr'>ex·</span> 
     </span>
     <span class='ocr_line' id='line_1_36' title="bbox 237 4191 1512 4264; baseline 0.001 -17"><span class='ocrx_word' id='word_1_293' title='bbox 237 4196 341 4247; x_wconf 89' lang='lat' dir='ltr'>tremas</span> <span class='ocrx_word' id='word_1_294' title='bbox 368 4196 396 4246; x_wconf 91' lang='lat' dir='ltr'>et</span> <span class='ocrx_word' id='word_1_295' title='bbox 419 4193 535 4264; x_wconf 85' lang='lat' dir='ltr'>frigidas</span> <span class='ocrx_word' id='word_1_296' title='bbox 559 4194 708 4261; x_wconf 86' lang='lat' dir='ltr'>habentes,</span> <span class='ocrx_word' id='word_1_297' title='bbox 738 4211 771 4248; x_wconf 84' lang='lat' dir='ltr'>ex</span> <span class='ocrx_word' id='word_1_298' title='bbox 795 4193 852 4249; x_wconf 90' lang='lat' dir='ltr'>alia</span> <span class='ocrx_word' id='word_1_299' title='bbox 873 4191 995 4246; x_wconf 88' lang='lat' dir='ltr'>mediam</span> <span class='ocrx_word' id='word_1_300' title='bbox 1019 4192 1168 4258; x_wconf 89' lang='lat' dir='ltr'>torridam,</span> <span class='ocrx_word' id='word_1_301' title='bbox 1194 4208 1228 4245; x_wconf 82' lang='lat' dir='ltr'>ex</span> <span class='ocrx_word' id='word_1_302' title='bbox 1251 4191 1343 4246; x_wconf 89' lang='lat' dir='ltr'>calore</span> <span class='ocrx_word' id='word_1_303' title='bbox 1362 4194 1391 4246; x_wconf 89' lang='lat' dir='ltr'>et</span> <span class='ocrx_word' id='word_1_304' title='bbox 1408 4192 1512 4262; x_wconf 81' lang='lat' dir='ltr'>frigore</span> 
     </span>
     <span class='ocr_line' id='line_1_37' title="bbox 237 4262 1513 4333; baseline 0.002 -15"><span class='ocrx_word' id='word_1_305' title='bbox 237 4264 431 4333; x_wconf 89' lang='lat' dir='ltr'>temperantur</span> <span class='ocrx_word' id='word_1_306' title='bbox 454 4269 484 4320; x_wconf 91' lang='lat' dir='ltr'>et</span> <span class='ocrx_word' id='word_1_307' title='bbox 507 4266 677 4321; x_wconf 87' lang='lat' dir='ltr'>habitabiles</span> <span class='ocrx_word' id='word_1_308' title='bbox 701 4267 778 4320; x_wconf 90' lang='lat' dir='ltr'>fiunt.</span> <span class='ocrx_word' id='word_1_309' title='bbox 816 4281 932 4333; x_wconf 89' lang='lat' dir='ltr'>quarum</span> <span class='ocrx_word' id='word_1_310' title='bbox 957 4282 1041 4318; x_wconf 90' lang='lat' dir='ltr'>unam</span> <span class='ocrx_word' id='word_1_311' title='bbox 1064 4281 1115 4318; x_wconf 87' lang='lat' dir='ltr'>uos</span> <span class='ocrx_word' id='word_1_312' title='bbox 1138 4262 1299 4319; x_wconf 89' lang='lat' dir='ltr'>habitamus</span> <span class='ocrx_word' id='word_1_313' title='bbox 1318 4265 1345 4317; x_wconf 86' lang='lat' dir='ltr'><em>R</em></span> <span class='ocrx_word' id='word_1_314' title='bbox 1364 4270 1439 4332; x_wconf 80' lang='lat' dir='ltr'>(nam</span> <span class='ocrx_word' id='word_1_315' title='bbox 1457 4283 1513 4320; x_wconf 90' lang='lat' dir='ltr'>una</span> 
     </span>
     <span class='ocr_line' id='line_1_38' title="bbox 237 4335 1512 4407; baseline -0.001 -16"><span class='ocrx_word' id='word_1_316' title='bbox 237 4335 564 4392; x_wconf 85' lang='lat' dir='ltr'>media...habitabiles</span> <span class='ocrx_word' id='word_1_317' title='bbox 584 4338 655 4392; x_wconf 91' lang='lat' dir='ltr'>fiunt</span> <span class='ocrx_word' id='word_1_318' title='bbox 672 4355 729 4393; x_wconf 91' lang='lat' dir='ltr'>non</span> <span class='ocrx_word' id='word_1_319' title='bbox 747 4338 833 4392; x_wconf 83' lang='lat' dir='ltr'>edidit</span> <span class='ocrx_word' id='word_1_320' title='bbox 852 4337 1016 4405; x_wconf 82' lang='lat' dir='ltr'>Stephanus)</span> <span class='ocrx_word' id='word_1_321' title='bbox 1035 4337 1045 4406; x_wconf 84' lang='grc' dir='ltr'>ΙΙ</span> <span class='ocrx_word' id='word_1_322' title='bbox 1065 4342 1096 4389; x_wconf 82' lang='grc'>12</span> <span class='ocrx_word' id='word_1_323' title='bbox 1116 4335 1297 4407; x_wconf 87' lang='lat' dir='ltr'>hine...ire]</span> <span class='ocrx_word' id='word_1_324' title='bbox 1316 4335 1383 4390; x_wconf 90' lang='lat' dir='ltr'>inde</span> <span class='ocrx_word' id='word_1_325' title='bbox 1400 4335 1512 4406; x_wconf 86' lang='lat' dir='ltr'>frigidis</span> 
     </span>
     <span class='ocr_line' id='line_1_39' title="bbox 237 4406 1512 4480; baseline 0 -19"><span class='ocrx_word' id='word_1_326' title='bbox 237 4408 313 4463; x_wconf 85' lang='lat' dir='ltr'>zonis</span> <span class='ocrx_word' id='word_1_327' title='bbox 332 4406 374 4462; x_wconf 90' lang='lat' dir='ltr'>ire</span> <span class='ocrx_word' id='word_1_328' title='bbox 392 4407 420 4461; x_wconf 85' lang='lat' dir='ltr'><em>R</em></span> <span class='ocrx_word' id='word_1_329' title='bbox 447 4409 456 4478; x_wconf 88' lang='grc' dir='ltr'>ΙΙ</span> <span class='ocrx_word' id='word_1_330' title='bbox 486 4416 517 4462; x_wconf 89' lang='grc'>13</span> <span class='ocrx_word' id='word_1_331' title='bbox 538 4409 624 4480; x_wconf 90' lang='lat' dir='ltr'>quod]</span> <span class='ocrx_word' id='word_1_332' title='bbox 645 4409 741 4478; x_wconf 84' lang='lat' dir='ltr'>quill</span> <span class='ocrx_word' id='word_1_333' title='bbox 767 4411 776 4476; x_wconf 86' lang='lat'>]</span> <span class='ocrx_word' id='word_1_334' title='bbox 806 4415 838 4461; x_wconf 85' lang='lat'>16</span> <span class='ocrx_word' id='word_1_335' title='bbox 856 4406 992 4478; x_wconf 88' lang='lat' dir='ltr'>tenditur]</span> <span class='ocrx_word' id='word_1_336' title='bbox 1012 4408 1131 4461; x_wconf 90' lang='lat' dir='ltr'>uertitur</span> <span class='ocrx_word' id='word_1_337' title='bbox 1149 4407 1177 4461; x_wconf 78' lang='lat' dir='ltr'><em>R</em></span> <span class='ocrx_word' id='word_1_338' title='bbox 1199 4408 1209 4478; x_wconf 91' lang='grc' dir='ltr'>ΙΙ</span> <span class='ocrx_word' id='word_1_339' title='bbox 1233 4415 1265 4462; x_wconf 78' lang='grc'>17</span> <span class='ocrx_word' id='word_1_340' title='bbox 1284 4407 1450 4478; x_wconf 85' lang='lat' dir='ltr'>numquam]</span> <span class='ocrx_word' id='word_1_341' title='bbox 1470 4408 1512 4463; x_wconf 88' lang='lat' dir='ltr'>sol</span> 
     </span>
     <span class='ocr_line' id='line_1_40' title="bbox 237 4478 1512 4550; baseline 0 -16"><span class='ocrx_word' id='word_1_342' title='bbox 237 4497 311 4549; x_wconf 77' lang='lat' dir='ltr'>aapr.</span> <span class='ocrx_word' id='word_1_343' title='bbox 331 4496 398 4534; x_wconf 82' lang='lat' dir='ltr'>aera.</span> <span class='ocrx_word' id='word_1_344' title='bbox 418 4482 481 4534; x_wconf 91' lang='lat' dir='ltr'>add.</span> <span class='ocrx_word' id='word_1_345' title='bbox 502 4480 589 4548; x_wconf 87' lang='lat' dir='ltr'>b]18</span> <span class='ocrx_word' id='word_1_346' title='bbox 608 4497 625 4534; x_wconf 91' lang='lat' dir='ltr'>a</span> <span class='ocrx_word' id='word_1_347' title='bbox 644 4499 700 4550; x_wconf 90' lang='lat' dir='ltr'>qua</span> <span class='ocrx_word' id='word_1_348' title='bbox 718 4497 870 4548; x_wconf 89' lang='lat' dir='ltr'>numquam</span> <span class='ocrx_word' id='word_1_349' title='bbox 889 4479 931 4533; x_wconf 91' lang='lat' dir='ltr'>sol</span> <span class='ocrx_word' id='word_1_350' title='bbox 949 4479 1054 4533; x_wconf 87' lang='lat' dir='ltr'>recedit</span> <span class='ocrx_word' id='word_1_351' title='bbox 1068 4479 1096 4532; x_wconf 93' lang='lat' dir='ltr'><em>B</em></span> <span class='ocrx_word' id='word_1_352' title='bbox 1110 4482 1119 4544; x_wconf 79' lang='grc'>11</span> <span class='ocrx_word' id='word_1_353' title='bbox 1134 4484 1166 4533; x_wconf 84' lang='grc'>19</span> <span class='ocrx_word' id='word_1_354' title='bbox 1185 4479 1273 4549; x_wconf 88' lang='lat' dir='ltr'>venit]</span> <span class='ocrx_word' id='word_1_355' title='bbox 1295 4478 1346 4532; x_wconf 86' lang='lat' dir='ltr'>has</span> <span class='ocrx_word' id='word_1_356' title='bbox 1364 4479 1438 4534; x_wconf 90' lang='lat' dir='ltr'>inter</span> <span class='ocrx_word' id='word_1_357' title='bbox 1454 4496 1512 4534; x_wconf 89' lang='lat' dir='ltr'>me·</span> 
     </span>
     <span class='ocr_line' id='line_1_41' title="bbox 238 4550 1512 4622; baseline -0.001 -18"><span class='ocrx_word' id='word_1_358' title='bbox 238 4552 371 4619; x_wconf 79' lang='lat' dir='ltr'>diemque</span> <span class='ocrx_word' id='word_1_359' title='bbox 390 4551 443 4605; x_wconf 88' lang='lat' dir='ltr'>due</span> <span class='ocrx_word' id='word_1_360' title='bbox 462 4553 627 4606; x_wconf 89' lang='lat' dir='ltr'>mortalibus</span> <span class='ocrx_word' id='word_1_361' title='bbox 646 4553 733 4622; x_wconf 86' lang='lat' dir='ltr'>egris:</span> <span class='ocrx_word' id='word_1_362' title='bbox 753 4551 862 4606; x_wconf 89' lang='lat' dir='ltr'>aestiua</span> <span class='ocrx_word' id='word_1_363' title='bbox 880 4550 909 4604; x_wconf 92' lang='lat' dir='ltr'>et</span> <span class='ocrx_word' id='word_1_364' title='bbox 927 4550 1069 4605; x_wconf 88' lang='lat' dir='ltr'>brumalis.</span> <span class='ocrx_word' id='word_1_365' title='bbox 1098 4552 1227 4620; x_wconf 91' lang='lat' dir='ltr'>obliquus</span> <span class='ocrx_word' id='word_1_366' title='bbox 1246 4568 1302 4619; x_wconf 91' lang='lat' dir='ltr'>qua</span> <span class='ocrx_word' id='word_1_367' title='bbox 1320 4566 1350 4604; x_wconf 91' lang='lat' dir='ltr'>se</span> <span class='ocrx_word' id='word_1_368' title='bbox 1368 4550 1512 4618; x_wconf 88' lang='lat' dir='ltr'>signorum</span> 
     </span>
     <span class='ocr_line' id='line_1_42' title="bbox 235 4620 1512 4692; baseline 0.001 -17"><span class='ocrx_word' id='word_1_369' title='bbox 235 4623 359 4677; x_wconf 86' lang='lat' dir='ltr'>uerteret</span> <span class='ocrx_word' id='word_1_370' title='bbox 382 4621 464 4677; x_wconf 83' lang='lat' dir='ltr'>ordo:</span> <span class='ocrx_word' id='word_1_371' title='bbox 494 4621 541 4691; x_wconf 90' lang='lat' dir='ltr'>qui</span> <span class='ocrx_word' id='word_1_372' title='bbox 565 4641 583 4677; x_wconf 92' lang='lat' dir='ltr'>a</span> <span class='ocrx_word' id='word_1_373' title='bbox 606 4624 696 4692; x_wconf 86' lang='lat' dir='ltr'>grecis</span> <span class='ocrx_word' id='word_1_374' title='bbox 720 4623 863 4686; x_wconf 88' lang='lat' dir='ltr'>zodiacus,</span> <span class='ocrx_word' id='word_1_375' title='bbox 891 4639 909 4676; x_wconf 91' lang='lat' dir='ltr'>a</span> <span class='ocrx_word' id='word_1_376' title='bbox 931 4621 1011 4676; x_wconf 88' lang='lat' dir='ltr'>nobis</span> <span class='ocrx_word' id='word_1_377' title='bbox 1036 4621 1152 4691; x_wconf 88' lang='lat' dir='ltr'>signifer</span> <span class='ocrx_word' id='word_1_378' title='bbox 1175 4622 1278 4677; x_wconf 85' lang='lat' dir='ltr'>dicitur</span> <span class='ocrx_word' id='word_1_379' title='bbox 1304 4623 1367 4676; x_wconf 90' lang='lat' dir='ltr'>add.</span> <span class='ocrx_word' id='word_1_380' title='bbox 1391 4621 1422 4676; x_wconf 88' lang='lat' dir='ltr'>V.</span> <span class='ocrx_word' id='word_1_381' title='bbox 1459 4620 1512 4676; x_wconf 88' lang='lat' dir='ltr'>Per</span> 
     </span>
     <span class='ocr_line' id='line_1_43' title="bbox 236 4692 1511 4763; baseline 0.001 -16"><span class='ocrx_word' id='word_1_382' title='bbox 236 4693 348 4748; x_wconf 88' lang='lat' dir='ltr'>ambas:</span> <span class='ocrx_word' id='word_1_383' title='bbox 369 4712 432 4747; x_wconf 90' lang='lat' dir='ltr'>cum</span> <span class='ocrx_word' id='word_1_384' title='bbox 450 4693 525 4748; x_wconf 88' lang='lat' dir='ltr'>vitet</span> <span class='ocrx_word' id='word_1_385' title='bbox 542 4697 690 4763; x_wconf 88' lang='lat' dir='ltr'>utramque</span> <span class='ocrx_word' id='word_1_386' title='bbox 708 4695 906 4762; x_wconf 87' lang='lat' dir='ltr'>temperatam,</span> <span class='ocrx_word' id='word_1_387' title='bbox 925 4692 987 4762; x_wconf 88' lang='lat' dir='ltr'>ipsa</span> <span class='ocrx_word' id='word_1_388' title='bbox 1004 4693 1175 4763; x_wconf 86' lang='lat' dir='ltr'>praepositio</span> <span class='ocrx_word' id='word_1_389' title='bbox 1197 4694 1268 4763; x_wconf 83' lang='lat' dir='ltr'>‘per’</span> <span class='ocrx_word' id='word_1_390' title='bbox 1284 4710 1335 4761; x_wconf 92' lang='lat' dir='ltr'>pro</span> <span class='ocrx_word' id='word_1_391' title='bbox 1352 4693 1447 4747; x_wconf 85' lang='lat' dir='ltr'>‘iuter’</span> <span class='ocrx_word' id='word_1_392' title='bbox 1464 4709 1511 4748; x_wconf 82' lang='lat' dir='ltr'>ao·</span> 
     </span>
     <span class='ocr_line' id='line_1_44' title="bbox 237 4764 1512 4834; baseline 0 -16"><span class='ocrx_word' id='word_1_393' title='bbox 237 4764 366 4834; x_wconf 88' lang='lat' dir='ltr'>cipienda</span> <span class='ocrx_word' id='word_1_394' title='bbox 385 4771 429 4818; x_wconf 88' lang='lat' dir='ltr'>est</span> <span class='ocrx_word' id='word_1_395' title='bbox 447 4766 511 4820; x_wconf 90' lang='lat' dir='ltr'>add.</span> <span class='ocrx_word' id='word_1_396' title='bbox 531 4766 687 4833; x_wconf 81' lang='lat' dir='ltr'>Stephanus</span> <span class='ocrx_word' id='word_1_397' title='bbox 705 4772 729 4821; x_wconf 90' lang='lat' dir='ltr'>et</span> <span class='ocrx_word' id='word_1_398' title='bbox 749 4765 912 4829; x_wconf 58' lang='lat' dir='ltr'>Fabricium</span> <span class='ocrx_word' id='word_1_399' title='bbox 941 4764 1014 4829; x_wconf 85' lang='lat' dir='ltr'>Qua:</span> <span class='ocrx_word' id='word_1_400' title='bbox 1033 4782 1083 4834; x_wconf 87' lang='lat' dir='ltr'>per</span> <span class='ocrx_word' id='word_1_401' title='bbox 1102 4783 1186 4834; x_wconf 87' lang='lat' dir='ltr'>quam</span> <span class='ocrx_word' id='word_1_402' title='bbox 1206 4766 1268 4820; x_wconf 88' lang='lat' dir='ltr'>add.</span> <span class='ocrx_word' id='word_1_403' title='bbox 1289 4764 1318 4819; x_wconf 86' lang='lat' dir='ltr'><em>R</em></span> <span class='ocrx_word' id='word_1_404' title='bbox 1344 4765 1354 4833; x_wconf 70' lang='grc' dir='ltr'>Η</span> <span class='ocrx_word' id='word_1_405' title='bbox 1381 4770 1414 4819; x_wconf 74' lang='lat'>21</span> <span class='ocrx_word' id='word_1_406' title='bbox 1435 4765 1512 4820; x_wconf 86' lang='lat' dir='ltr'>calor</span> 
     </span>
     <span class='ocr_line' id='line_1_45' title="bbox 235 4836 949 4906; baseline 0 -16"><span class='ocrx_word' id='word_1_407' title='bbox 235 4837 261 4890; x_wconf 84' lang='lat' dir='ltr'><em>L</em></span> <span class='ocrx_word' id='word_1_408' title='bbox 274 4838 284 4906; x_wconf 89' lang='lat'>]</span> <span class='ocrx_word' id='word_1_409' title='bbox 298 4843 333 4891; x_wconf 80' lang='lat'>24</span> <span class='ocrx_word' id='word_1_410' title='bbox 350 4838 482 4892; x_wconf 64' lang='lat' dir='ltr'>cumdium</span> <span class='ocrx_word' id='word_1_411' title='bbox 500 4839 538 4892; x_wconf 83' lang='lat' dir='ltr'>ad</span> <span class='ocrx_word' id='word_1_412' title='bbox 555 4854 579 4892; x_wconf 85' lang='lat' dir='ltr'>a.</span> <span class='ocrx_word' id='word_1_413' title='bbox 595 4844 647 4893; x_wconf 75' lang='grc'>239</span> <span class='ocrx_word' id='word_1_414' title='bbox 666 4855 723 4893; x_wconf 92' lang='lat' dir='ltr'>non</span> <span class='ocrx_word' id='word_1_415' title='bbox 740 4838 827 4893; x_wconf 84' lang='lat' dir='ltr'>edidit</span> <span class='ocrx_word' id='word_1_416' title='bbox 844 4836 949 4890; x_wconf 81' lang='lat' dir='ltr'>Daniel</span> 
     </span>
    </p>
   </div>
   <div class='ocr_carea' id='block_1_6' title="bbox 0 0 1682 5430">
    <p class='ocr_par' dir='ltr' id='par_1_12' title="bbox 0 0 1682 5430">
     <span class='ocr_line' id='line_1_46' title="bbox 0 0 1682 5430; baseline 0 3"><span class='ocrx_word' id='word_1_417' title='bbox 0 0 1682 5430; x_wconf 95' lang='lat' dir='ltr'> </span> 
     </span>
    </p>
   </div>
  </div>
 </body>
</html>
