3354 5430
236 390 300 455 194
810 391 932 474 suum

322 556 396 620 270.
425 571 612 620 Dnnvcnnn
636 556 668 620 id
692 560 743 620 est
766 557 899 621 siccare:
922 579 998 622 nam
1023 556 1193 641 ‘inrigare'
1216 559 1367 625 inducere
1391 563 1450 646 eat,
1472 565 1511 625 ut

232 661 270 745 <l
296 662 382 743 106>
414 662 551 727 deiude
574 662 676 727 satis
699 661 865 728 fluvium
887 663 1047 729 inducit.
1093 687 1171 731 saue
1195 666 1373 750 sciendum,
1397 689 1509 733 secun-

232 769 306 835 dum
329 768 511 834 Varronem
540 773 652 836 contra
680 769 871 855 religionem
901 793 971 836 esse
996 772 1022 836 si
1045 773 1098 837 vel
1122 774 1270 859 rigentur
1292 774 1365 860 agri
1388 776 1440 840 vel
1464 776 1509 839 la·

232 880 347 943 ventur
370 876 526 942 animalia
548 876 641 942 festia
665 878 790 943 diebus:
813 878 975 962 nymphae
999 879 1084 944 enim
1109 880 1178 944 sine
1196 882 1325 964 piaculo
1348 904 1416 968 non
1437 905 1511 968 pos·

198 987 309 1054 esunt
332 984 462 1050 moveri.
501 984 557 1049 sed
579 985 700 1050 scimus
723 987 913 1050 necessitati
935 986 1128 1072 religionem
1151 988 1275 1053 cedere:
1299 989 1383 1054 unde
1406 990 1509 1074 parite

230 1089 397 1175 Vergilius
420 1093 467 1157 ait
491 1090 740 1175 ‘balantumque
764 1113 896 1178 gregem
919 1093 1018 1158 fluvio
1041 1117 1184 1160 mersare
1208 1095 1359 1179 salubri',
1401 1097 1509 1162 idest

231 1198 413 1283 salutifer03
446 1222 521 1263 nam
550 1199 693 1265 dicturus
722 1203 772 1264 est
800 1199 834 1263 in
861 1201 960 1265 tertio
985 1201 1102 1285 <441>‚
1136 1203 1244 1267 scabie
1267 1204 1423 1288 temptari
1445 1205 1510 1269 nisi

230 1306 380 1372 laventur
411 1307 573 1371 animalia.
621 1307 659 1372 de
688 1307 885 1393 inrigatione
914 1330 990 1373 vero
1017 1309 1100 1373 nihil
1124 1309 1164 1373 ad
1187 1309 1273 1374 hunc
1296 1312 1439 1396 pertinet
1461 1312 1506 1377 lo

230 1436 317 1498 cum,
340 1413 416 1498 quia
439 1412 638 1497 ‘deducere'‚
661 1418 698 1478 ut
721 1413 876 1499 diximus,
905 1415 1025 1480 siccare
1049 1416 1221 1502 significat.
1266 1419 1320 1482 sed
1340 1420 1395 1500 qui
1417 1420 1508 1484 disci·

178 1542 211 1591 10
226 1521 335 1603 plinus
351 1521 538 1604 pontificum
560 1522 692 1587 iictoriuc
713 1527 915 1605 wnocuuut
938 1543 975 1586 ea
997 1525 1047 1588 die
1067 1524 1143 1604 festo
1165 1525 1232 1589 sine
1250 1526 1376 1606 pioudo
1398 1526 1507 1590 dictent

223 1648 314 1710 posse
336 1629 419 1712 fieri,
448 1649 527 1710 qeeue
548 1648 645 1710 sum
669 1634 784 1693 terrem
806 1634 891 1707 suut,
914 1630 1061 1711 reiquae
1083 1632 1197 1696 omissa
1219 1638 1339 1716 nocent,
1361 1634 1407 1697 uel
1428 1653 1507 1715 queue

228 1736 272 1801 od
296 1735 440 1801 lionorem
467 1737 592 1801 deorum
615 1737 786 1819 pertinent,
813 1741 842 1800 et
867 1737 1019 1818 oreidqcid
1039 1738 1110 1819 fieri
1131 1739 1198 1802 siue
1221 1739 1413 1803 institutore
1434 1739 1507 1803 noui

229 1843 329 1925 operis
352 1849 468 1925 intest:
499 1848 536 1907 ut
561 1843 700 1908 domum
722 1844 929 1908 inductionem
951 1845 996 1909 sic
1017 1845 1221 1930 accipimus,
1246 1866 1302 1927 per
1322 1846 1441 1925 fossum
1463 1847 1509 1911 uel

223 1955 354 2032 pretium
370 1955 542 2034 purgatum
565 1951 721 2034 dedueue,
748 1952 783 2015 id
803 1955 848 2016 est
868 1952 1015 2029 emittere,
1044 1953 1192 2033 quonium
1214 1957 1339 2017 cautum
1361 1954 1397 2017 iu
1419 1953 1510 2018 tetris

179 2078 212 2125 15
230 2058 330 2122 seems
351 2063 395 2123 est
420 2058 532 2137 feriis
554 2058 789 2124 denicalibus
809 2080 943 2141 aquam
969 2060 1008 2122 in
1029 2064 1183 2142 pratum
1205 2061 1335 2126 ducere
1356 2061 1434 2125 uisi
1456 2060 1505 2124 le·

225 2166 400 2248 citimam
423 2186 493 2230 uon
517 2166 620 2249 ticet,
647 2166 779 2230 ceteris
799 2166 912 2246 feriis
934 2186 1056 2230 omues
1078 2186 1196 2248 aquas
1219 2167 1307 2231 ticet
1327 2169 1508 2232 deducere

228 2291 298 2354 ergo
319 2271 382 2355 tic,
403 2278 440 2336 ut
460 2272 617 2354 eliquatus
639 2273 767 2348 videtur,
791 2271 958 2338 ‘deditum'
976 2294 1115 2356 purgare
1137 2278 1182 2338 est
1198 2277 1228 2338 et
1243 2275 1346 2339 sordes
1363 2275 1508 2359 mittere,

227 2400 306 2462 quoe
322 2379 530 2461 praecludent
550 2400 675 2462 aquom,
697 2381 762 2445 ideo
785 2381 861 2462 quio
882 2402 904 2444 a
920 2381 1132 2462 pontificibus,
1154 2386 1191 2445 ut
1212 2402 1326 2445 nouum
1347 2382 1418 2463 pieri
1439 2401 1505 2446 nou

224 2489 416 2569 permittitur
443 2487 545 2571 feriis,
577 2489 623 2552 itu
652 2491 736 2552 vetus
759 2488 897 2569 purgari
923 2488 1120 2568 pemrittitur.
1171 2488 1230 2552 olii
1256 2487 1312 2551 hoo
1338 2489 1507 2552 emendum

176 2613 210 2662 ao
229 2595 378 2678 augurale
400 2596 451 2659 ius
472 2596 587 2660 dietum
610 2595 750 2673 tradunt,
773 2595 856 2677 quod
876 2595 969 2658 etiam
987 2596 1022 2658 iu
1040 2594 1115 2659 bello
1133 2594 1312 2678 observetur,
1333 2615 1373 2659 ue
1390 2615 1505 2659 nouum

227 2704 380 2786 negotium
402 2703 581 2786 incipietur.
621 2722 691 2783 ergo
713 2699 808 2765 ‘rivos
829 2699 982 2765 deducere'
1005 2721 1068 2764 nou
1090 2706 1135 2766 est
1154 2721 1268 2765 mcum
1290 2701 1452 2785 negotium,
1475 2706 1506 2765 et

223 2815 323 2892 poteri
350 2810 405 2874 troc
433 2811 477 2874 ed
504 2809 585 2873 iilud
612 2808 724 2888 referri
753 2807 791 2891 <1
821 2807 906 2889 113>
947 2807 1079 2889 quique
1115 2809 1271 2889 paludis
1310 2809 1504 2880 collectum

226 2938 388 2982 umorem
419 2916 546 2982 bibula
576 2916 726 2980 deducit
754 2914 907 2980 turena.
952 2934 1029 2979 saue
1058 2935 1137 2996 quae
1156 2914 1257 2994 feriae
1278 2935 1299 2978 a
1321 2936 1380 2997 quc
1400 2936 1508 2999 gerere

226 3024 388 3089 homiuum
410 3024 455 3088 vet
477 3023 587 3105 quius
610 3022 713 3086 dietis
735 3022 935 3099 eteuueutur,
952 3021 1004 3111 ¹uel
1024 3042 1104 3103 quoe
1118 3021 1206 3101 festis
1224 3022 1328 3088 dietus
1346 3024 1419 3105 fieri
1432 3044 1505 3105 per-

174 3150 209 3197 aa
227 3133 324 3197 missa
346 3133 422 3214 sint,
444 3131 542 3212 siquis
563 3130 641 3194 seire
662 3130 826 3212 ᾱεεὲἀοναί,
849 3129 943 3194 libros
959 3129 1155 3210 pontificales
1178 3129 1265 3212 legat.
1388 3151 1503 3194 nmo

228 3260 367 3304 serrari
386 3258 450 3303 nou
472 3242 517 3302 est
538 3235 688 3319 epitheton
710 3238 827 3317 amnis,
850 3237 903 3301 sed
923 3237 967 3300 od
985 3235 1105 3315 suum
1126 3235 1268 3316 refertur.

315 3348 390 3412 273.
427 3367 529 3410 surra
552 3367 630 3409 orec
651 3343 750 3408 ethic
772 3342 854 3408 ‘aut'
877 3343 1048 3408 coniunctio
1071 3362 1133 3407 esse
1154 3342 1270 3424 detuit,
1301 3345 1338 3404 ut
1359 3345 1405 3406 est
1429 3341 1504 3406 ura

226 3459 332 3518 notos
358 3458 465 3534 atqcue
491 3458 577 3518 atra
604 3451 734 3517 volans
762 3452 800 3514 in
823 3449 954 3514 nubila
974 3450 1076 3533 fugit
1100 3469 1162 3531 pro
1186 3450 1240 3530 [et]
1266 3447 1312 3512 ‘in
1333 3445 1448 3531 uotos',
1469 3453 1506 3511 ut

226 3566 301 3626 esset
322 3558 422 3642 ‘coepe
450 3565 506 3624 uut
534 3560 598 3624 oleo
627 3563 683 3623 cut
710 3558 822 3623 oddus
850 3563 957 3622 cudat
981 3554 1109 3638 pomir'.
1161 3561 1191 3621 et
1218 3556 1289 3622 terre
1316 3556 1505 3620 misticorum

175 3668 338 3734 adlaudat
363 3668 558 3731 iudustriam.
648 3681 777 3730 cosrns
801 3669 859 3728 aut
881 3686 916 3729 re
939 3652 1156 3747 varicosius,
1179 3667 1237 3727 aut
1259 3663 1413 3728 clitellas:
1436 3660 1503 3726 Ho-

226 3774 329 3839 ratius
358 3774 447 3838 hinc
475 3773 567 3837 muli
592 3771 745 3856 Capuae
773 3771 948 3836 clitellas
976 3773 1151 3855 tempore
1180 3773 1335 3854 ponunt
1426 3787 1500 3834 nol·

227 3900 346 3947 reeca
369 3881 566 3965 verberator,
589 3880 632 3946 ab
655 3878 781 3963 agendo
805 3877 924 3962 dictus,
946 3899 982 3943 ae
998 3898 1058 3960 per
1080 3875 1134 3941 doe
1157 3877 1326 3942 ednodus.

226 4027 438 4034 ——---...—.

315 4099 349 4147 ar
368 4092 430 4163 rua]
449 4091 482 4144 A.
503 4093 527 4146 v
546 4093 670 4160 512130
689 4088 835 4160 uomitus]
855 4090 907 4142 sae
926 4088 939 4140 1
957 4095 982 4156 a,
997 4094 1030 4143 47

225 4221 438 4230 --————

315 4295 331 4344 6
350 4289 483 4358 uergilius
502 4288 528 4340 L
550 4288 560 4355 Ι
582 4286 723 4356 Vergilius
740 4284 795 4356 ait]
813 4301 891 4338 maro
910 4283 980 4339 dicit
996 4284 1049 4353 ΒΙ
1067 4283 1108 4337 ait
1126 4300 1176 4338 our.
1196 4283 1222 4337 L
1235 4285 1275 4353 ΙΊ
1294 4283 1421 4337 dicturus
1440 4283 1499 4353 eat]

225 4361 329 4416 dicitur
346 4359 374 4413 A
388 4361 427 4430 l9
447 4358 599 4430 significat]
617 4357 726 4413 Vetuit:
744 4355 914 4439 Pi⁰l¹ib¹¹sta
930 4356 1114 4438 Praetendere
1134 4371 1259 4437 saepemz
1278 4353 1453 4438 circumdare
1472 4357 1502 4435 et

224 4429 827 4558 ἔξωθ’ἳηοεῗᾱέἓέἶῖᾞᾞίξίῗὲέ
839 4427 976 4554 Vtilis
993 4425 1501 4568 intrueret-‘stret

224 4520 430 4641 Baidritumque
448 4521 624 4642 gregemrpid
635 4543 686 4627 ‘est
704 4572 807 4627 cuium.
835 4572 970 4625 Mersus:
990 4572 1149 4652 frequentor
1168 4586 1293 4639 mergere
1312 4573 1428 4638 propter
1440 4584 1501 4649 sca·

224 4646 299 4701 biem
317 4647 381 4700 odd.
401 4644 430 4699 R
453 4647 463 4714 Ι
487 4650 520 4698 10
539 4661 572 4698 ea
589 4644 636 4698 die
656 4643 825 4698 Mmoiciss:
845 4642 908 4697 adio
926 4642 953 4696 L
989 4659 1007 4696 a
1024 4643 1070 4696 dio
1089 4642 1192 4696 Domui
1213 4643 1224 4711 Ι
1247 4645 1280 4695 15
1299 4641 1370 4695 dene
1389 4638 1501 4710 gahbus

223 4718 273 4788 Ll
290 4724 321 4773 18
339 4717 403 4771 idco
422 4716 489 4784 quia
506 4733 566 4782 eqo:
585 4716 648 4769 idco
668 4731 740 4784 quoe
759 4714 784 4766 L
815 4713 936 4782 ideoque
953 4712 1058 4768 Daniel
1070 4715 1081 4783 l
1093 4718 1128 4767 20
1146 4713 1189 4767 ius
1208 4713 1402 4768 Conmeiinus:
1420 4710 1500 4765 cuius

223 4789 250 4841 L
268 4791 330 4858 122
349 4789 385 4843 ad
404 4787 489 4859 illud]
507 4787 575 4842 illuc
594 4787 777 4856 Danielltt
795 4784 820 4838 si
838 4785 887 4854 qui
905 4784 933 4838 L
950 4787 960 4854 Ι
977 4790 1012 4839 28
1031 4787 1062 4839 at
1077 4785 1198 4853 sertui!
1216 4790 1249 4839 81
1269 4800 1371 4852 caprae
1389 4781 1501 4852 Llcli·

223 4860 311 4914 tollae
328 4860 357 4916 A
373 4861 383 4928 Ι
402 4861 545 4929 Agitator:
563 4856 685 4913 minator
703 4855 867 4913 uerberstcr
884 4855 915 4912 Β
926 4857 938 4925 Ι
949 4861 985 4910 82
1003 4853 1109 4926 dictus]
1128 4854 1231 4911 dieitur
1248 4854 1308 4911 AL
1320 4856 1332 4923 Ι
1344 4856 1399 4922 tao
1416 4854 1443 4907 L
