3354 5430
248 303 312 367 134
348 320 351 326 '
821 303 940 358 annun

248 468 328 553 bile,
352 467 434 532 sicut
457 489 559 532 mare:
583 467 667 532 unde
691 467 788 532 etiam
809 464 926 532 Castor
950 471 983 532 et
1001 466 1129 551 Pollux,
1154 467 1229 551 quia
1253 489 1365 532 eorum
1388 468 1529 534 velocis-

248 575 348 639 simae
381 575 495 639 stellae
526 579 614 656 sunt,
648 596 747 658 equos
780 574 814 637 in
844 575 947 639 tutela
977 575 1096 639 habere
1128 574 1287 640 dicuntur.
1322 595 1415 641 ,sune
1443 576 1531 642 tuuc

247 703 358 764 equum
390 683 604 764 mriusoumque
634 683 772 747 mominis
803 682 862 747 ule'r'
888 682 974 764 opud
994 682 1180 766 Arcadiam,
1212 683 1271 746 otii
1301 684 1337 747 iu
1362 682 1529 749 Alteasota'a

247 790 361 854 editum
383 790 500 873 dieunt,
523 791 558 853 r'u
575 809 638 872 quo
656 789 750 853 etiam
768 794 900 854 moutam
917 790 1107 855 altissimum
1125 791 1297 868 ostendunt,
1316 790 1370 855 ulu'
1381 792 1530 873 miramo

212 915 340 979 aequus
366 896 450 962 uisus
476 897 531 979 sit,
562 897 597 959 iu
625 899 759 979 tuntum,
791 900 826 959 ut
848 894 883 960 ob
904 895 985 960 haue
1007 917 1133 961 eausam
1156 917 1177 960 a
1201 896 1357 962 ilmssolr's
1379 896 1531 980 Neptrmo

246 1007 379 1086 equestre
401 1008 551 1067 eertomeu
573 1008 741 1067 memorent
757 1003 949 1067 institutum:
971 1004 1052 1067 emde
1069 1004 1156 1085 aprrd
1172 1001 1305 1068 Graecos
1323 1003 1437 1080 ἵππιος
1455 1008 1530 1069 Πο-

247 1110 379 1192 σειδῶν,
402 1130 423 1173 0
445 1109 532 1174 uobis
554 1115 686 1191 equester
709 1110 882 1192 Neptunus.
918 1109 977 1174 olii
999 1109 1079 1175 torm
1100 1111 1228 1176 eandem
1250 1111 1286 1175 de
1308 1131 1382 1192 equo
1405 1112 1529 1194 opiuie

246 1239 315 1282 uem
344 1218 429 1282 uarie
458 1218 621 1282 adserunt:
657 1238 734 1282 uum
757 1218 899 1298 primum
928 1238 1039 1299 equum
1069 1223 1099 1282 et
1127 1237 1199 1282 mou
1222 1218 1349 1300 pullum
1377 1220 1529 1300 mutuum

246 1330 345 1391 matre
367 1326 482 1389 editum
506 1326 641 1389 madunt.
674 1325 801 1406 quidum
823 1345 942 1390 morem
964 1326 1065 1409 mauis
1080 1324 1206 1410 pultum
1229 1325 1320 1390 iutra
1343 1326 1459 1390 editum
1475 1347 1529 1392 uo·

197 1453 229 1499 10
249 1433 324 1496 tuut.
356 1431 501 1496 uouuulli
515 1429 665 1510 Saturus,
689 1452 758 1496 eum
780 1452 852 1496 suos
873 1431 956 1513 filios
978 1434 1147 1516 desumet,
1165 1453 1226 1515 pro
1245 1432 1388 1514 Neptuno
1412 1452 1530 1515 murem

247 1539 382 1604 oblatum
405 1539 613 1602 deuorandum
636 1540 780 1603 modrrut:
817 1539 898 1603 trude
920 1538 1069 1623 Illyricos
1091 1539 1256 1623 quotaum's
1277 1539 1343 1602 ritu
1364 1559 1529 1606 soerorum

248 1667 357 1728 equum
379 1645 474 1710 sotere
496 1647 587 1727 equis
608 1647 792 1729 iumerqerm
822 1645 876 1709 hoe
897 1650 1000 1710 aarum
1022 1648 1102 1725 adeo,
1124 1647 1205 1728 quod
1226 1645 1384 1711 Saturnus
1405 1649 1529 1714 umoris

248 1755 341 1818 totius
364 1757 393 1816 et
412 1752 541 1834 frigoris
563 1754 636 1817 deus
657 1755 708 1818 sr't.
753 1751 890 1834 ‘primo'
914 1757 1017 1818 ouum
1039 1754 1131 1819 multi
1149 1773 1207 1836 pro
1232 1749 1338 1817 ‘olim'
1361 1753 1529 1835 ommium,

247 1865 282 1924 ut
298 1860 426 1943 prima
448 1860 543 1940 quod
563 1861 611 1924 ud
634 1861 784 1925 Troiam
801 1880 836 1941 p.
854 1879 877 1923 e.
892 1881 923 1943 9.
937 1860 979 1925 A.
1025 1861 1083 1926 ulit
1106 1858 1231 1944 &primu
1254 1861 1333 1938 ideo,
1356 1861 1438 1942 quod
1452 1866 1530 1943 post

197 1986 230 2034 15
248 1966 409 2051 Seytlu'um
432 1966 584 2031 Arionem
604 1969 717 2051 yeuur't.
746 1966 893 2032 uonuutli
913 1989 982 2032 uero
1005 1969 1041 2034 ob
1063 1969 1117 2034 lior
1140 1968 1202 2034 ‘eur'
1217 1969 1328 2050 primu
1348 1968 1528 2047 frementem

247 2075 332 2155 fudit
352 2071 482 2155 oquum'
506 2074 621 2157 loquat,
648 2075 730 2156 quod
750 2078 861 2138 ueteres
883 2095 1047 2139 murmura
1070 2096 1169 2158 oquae
1189 2075 1348 2156 fremitum
1370 2075 1527 2142 dicebaut:

248 2180 375 2246 Immm
406 2200 492 2263 ouer
523 2181 693 2263 oppletus
723 2181 897 2245 imbrium
927 2181 1084 2262 fremitu
1119 2188 1148 2247 et
1178 2183 1276 2247 deuuo
1310 2183 1528 2266 ratibusque

245 2287 426 2368 fremebat
446 2287 561 2351 imber
584 2288 763 2372 Neptuni,
792 2287 945 2370 Verqile'us
966 2289 1002 2353 iu
1024 2310 1070 2353 m.
1087 2288 1197 2374 (299)
1220 2290 1436 2372 uicinaeque
1455 2290 1526 2371 fre·

247 2399 353 2460 muut
372 2394 479 2476 ripae
501 2414 525 2458 e.
538 2416 570 2460 u.
614 2416 683 2478 erqo
707 2393 833 2479 &eumd
849 2416 911 2476 pro
933 2393 1102 2479 ‘primum',
1125 2397 1199 2478 quio
1221 2401 1251 2461 et
1272 2396 1388 2480 Pauo
1409 2397 1527 2478 fontem

197 2522 231 2570 20
251 2504 286 2567 iu
309 2502 441 2567 Boeotio
463 2502 526 2566 ieta
547 2503 613 2568 eius
634 2503 752 2586 uuyulo
772 2503 872 2583 fudit:
909 2508 965 2568 aut
987 2502 1103 2588 ‘primu
1126 2502 1239 2588 tettus',
1260 2505 1295 2569 u
1316 2508 1361 2569 est
1382 2504 1468 2586 litus,
1490 2509 1529 2570 ut

244 2611 440 2692 primoque
461 2614 587 2674 vetaut
607 2611 799 2675 considere
823 2614 930 2674 terro.

340 2717 389 2782 14.
426 2734 471 2780 au
496 2732 635 2782 cvuuou
658 2734 830 2782 uunoavu
854 2733 913 2782 ev1
936 2736 966 2782 P.
985 2734 1015 2782 e.
1041 2718 1228 2782 Aristaeum
1252 2716 1395 2801 invocat,
1417 2716 1451 2781 id
1473 2721 1525 2782 est

248 2823 411 2906 Apollinis
435 2827 468 2887 et
491 2822 634 2907 Cyrenes
657 2824 774 2907 filium,
798 2846 893 2908 quem
917 2822 1078 2889 Hesiodus
1104 2824 1182 2889 dieit
1205 2824 1392 2908 Apollinem
1415 2830 1525 2909 pasto-

248 2930 361 2994 ralem.
411 2930 477 3013 hic,
511 2936 548 2995 ut
576 2930 676 2995 etiam
705 2928 879 2995 Sallustius
908 2932 1015 3016 docet,
1048 2937 1124 3016 post
1157 2930 1315 2995 laniatum
1343 2954 1363 2995 a
1391 2933 1526 2998 canibus

197 3055 231 3103 25
250 3035 448 3100 Actaeonem
472 3037 575 3101 filium
600 3038 714 3102 matris
737 3037 895 3102 instinctu
910 3036 1038 3103 Thebas
1062 3037 1196 3122 reliquit
1219 3041 1251 3102 et
1266 3035 1364 3103 Ceam
1382 3039 1525 3104 insulam

249 3143 355 3207 tenuit
377 3144 497 3227 primo,
531 3144 635 3208 adhue
662 3143 849 3208 hominibus
878 3167 1027 3209 vacuam:
1064 3128 1194 3230 postea,
1226 3167 1264 3209 ea
1291 3145 1420 3230 relicta,
1452 3167 1525 3212 eum

250 3250 393 3315 Daedalo
423 3250 463 3315 ad
488 3247 671 3315 Sardiniam
700 3252 878 3316 transitum
905 3251 991 3317 feeit.
1036 3253 1108 3318 liuto
1131 3253 1271 3336 optutum
1293 3251 1456 3319 Piudumrs
1477 3276 1525 3320 re·

246 3357 402 3442 frenatur,
429 3359 483 3440 qui
510 3378 578 3422 eum
601 3359 649 3422 ait
669 3360 705 3444 de
728 3357 789 3424 Cea
811 3359 916 3423 insutu
938 3360 973 3424 r‘u
995 3361 1168 3425 Arcadium
1191 3361 1340 3443 miurosse
1360 3360 1461 3443 mique
1482 3363 1526 3427 ot

249 3470 314 3528 tum
336 3465 477 3530 coluisse:
499 3485 575 3529 uum
597 3467 684 3548 opud
701 3467 845 3531 Arcadas
860 3487 921 3548 pro
944 3466 1017 3532 Ioue
1039 3468 1161 3546 eolr'tur,
1183 3468 1265 3550 quud
1280 3468 1405 3550 primus
1428 3473 1524 3535 osteu-

199 3591 233 3638 30
252 3573 342 3655 derit,
365 3573 497 3654 qualiter
518 3593 590 3655 umes
612 3573 740 3640 debeant
760 3574 916 3658 reparari,
938 3578 974 3638 ut
995 3574 1150 3657 aitpoeta
1172 3576 1208 3639 de
1230 3573 1285 3639 too
1298 3575 1364 3656 ipso
1379 3576 1526 3643 Amatam

338 3790 353 3838 2
379 3799 445 3837 sane
468 3783 542 3838 hune
565 3801 666 3852 equum
690 3801 713 3838 e.
729 3801 755 3852 q.
771 3784 804 3855 s.]
829 3782 864 3839 ef.
888 3783 968 3839 Luat.
992 3784 1067 3839 Plae.
1092 3784 1128 3838 ad
1148 3783 1218 3839 Stat.
1237 3783 1324 3839 Theb.
1344 3784 1383 3839 IV
1401 3792 1435 3840 42
1458 3787 1468 3857 ΙΙ
1492 3794 1526 3842 14

248 3854 353 3926 prima]
371 3853 403 3910 A.
424 3856 436 3908 l
455 3857 559 3924 241117
578 3854 696 3926 Ennius]
716 3855 769 3909 ino.
793 3872 866 3909 nom.
890 3854 939 3907 rel.
959 3855 1010 3909 XV
1038 3874 1065 3924 p.
1085 3861 1119 3910 66
1137 3855 1218 3912 Ribb.
1238 3859 1247 3925 Ι]
1265 3856 1442 3930 ratibusque]
1460 3874 1525 3915 ann.

249 3943 274 3980 v.
286 3932 338 3980 489
357 3945 384 3995 p.
401 3933 434 3981 73
453 3927 534 3981 Vahl.
549 3929 559 3993 l
573 3931 605 3980 21
626 3927 784 3996 primaque]
804 3927 1000 3997 A.15411l23
1020 3925 1159 3981 Hesiodus
1192 3927 1225 3982 ef.
1247 3926 1331 3999 schol.
1351 3927 1430 3983 Pind.
1441 3930 1524 3999 Pyth.

249 3997 287 4050 IX
302 4003 370 4067 baq.
390 3997 488 4068 fragm.
506 3996 614 4052 CXLIV
628 4015 655 4066 p.
667 4003 718 4052 336
733 3997 807 4066 apud
821 3997 1076 4053 Markseheffelium
1089 4001 1099 4066 ΙΙ
1112 4003 1147 4052 24
1188 3999 1211 4052 ’0
1223 4043 1229 4054 .
1241 4041 1247 4054 .
1259 4042 1265 4054 .
1275 3997 1426 4054 transitum
1444 4000 1514 4056 feeit

250 4085 335 4122 exscr.
355 4070 493 4139 mythogr.
512 4069 539 4122 H
558 4075 591 4125 82
605 4072 614 4140 ΙΙ
629 4067 790 4138 Sallustius]
810 4068 876 4123 hist.
891 4068 917 4121 Π
932 4076 948 4123 5
966 4069 1099 4138 Dietseh.,
1119 4076 1185 4138 tsq.
1202 4070 1287 4125 Kritz.
1301 4071 1311 4139 ῃ
1325 4076 1358 4126 27
1373 4070 1511 4128 Pindarus

250 4140 283 4194 ef.
303 4139 396 4208 Bergk
414 4144 488 4208 poet.
507 4140 557 4210 lyr.
577 4159 617 4211 gr.
637 4140 680 4196 ed.
699 4140 738 4194 IV
755 4139 769 4193 I
786 4159 813 4210 p.
828 4147 878 4195 461

250 4407 256 4419 ¹
299 4406 305 4417 ἰ
339 4342 355 4390 3
376 4350 458 4416 equm
477 4340 501 4389 et
519 4336 562 4390 tn'e
580 4341 606 4390 et
623 4336 701 4416 iufra
719 4336 746 4390 L
764 4339 773 4406 ΙΙ
792 4342 809 4390 4
827 4352 884 4421 qua
901 4353 960 4406 eoo:
980 4354 1034 4419 quo
1053 4337 1079 4389 L
1092 4339 1132 4406 l⁶
1150 4337 1237 4408 unde]
1255 4337 1329 4391 unde
1347 4341 1381 4392 ut
1398 4340 1504 4424 ilamel
1516 4341 1526 4413 ll

207 4480 210 4487 ·
248 4406 749 4550 tutissimarum·
764 4408 900 4547 qtttltl
915 4409 1454 4550 tammumtutes
1466 4414 1526 4552 lt

249 4567 326 4631 nono¹
340 4549 367 4603 L
394 4552 403 4619 ΙΙ
432 4555 465 4603 19
484 4565 543 4631 prov
555 4482 700 4618 ‘primuml
720 4552 833 4620 scripsi:
857 4521 1064 4632 a1lropriumL
1101 4554 1150 4605 aut
1167 4552 1311 4633 proprium
1330 4552 1435 4608 Daniel
1457 4556 1466 4624 l
1490 4561 1526 4609 20

251 4621 346 4676 boetia
355 4622 381 4673 L
395 4622 405 4691 ΙΙ
419 4626 452 4675 21
468 4623 618 4674 eons1stere
634 4620 769 4693 Veroitr'us
783 4624 792 4693 ΙΙ
806 4628 839 4676 22
855 4638 945 4677 ansea
958 4622 985 4675 L
998 4627 1008 4692 ΙΙ
1022 4629 1055 4677 23
1071 4639 1188 4691 cyraene
1202 4625 1228 4677 L
1242 4625 1251 4692 ΙΙ
1265 4625 1376 4678 esiodus
1391 4626 1487 4679 APH
1490 4628 1528 4681 M

250 4690 358 4746 isiodus
373 4693 419 4763 Vl
433 4698 467 4747 25
487 4692 635 4746 afiteonem
654 4695 681 4747 A
694 4695 705 4763 ΙΙ
718 4694 817 4748 matris
836 4693 970 4749 instinctu
989 4711 1039 4750 om.
1053 4695 1079 4747 L
1092 4695 1102 4763 ΙΙ
1116 4711 1193 4749 ceam
1208 4695 1281 4749 LV:
1300 4696 1398 4750 cheam
1418 4697 1486 4752 ΑΗ
1491 4699 1529 4752 Μ

249 4762 338 4815 ehean
359 4763 386 4815 P
421 4764 511 4819 Chion
528 4764 660 4834 myttoyr.
