3354 5430
227 336 269 398 14
803 335 922 390 saavu

315 501 366 564 61.
403 516 619 564 Paannanris
644 521 752 563 errore
776 487 928 563 eonlusis.
1050 516 1218 564 Amaoavn
1242 499 1273 562 id
1298 502 1348 562 est
1373 497 1502 562 Germa-

224 629 343 672 norum
366 610 399 670 et
421 605 604 671 Persarum.
739 623 832 670 nxva
856 605 890 669 id
914 608 964 669 est
988 603 1120 691 Caesar,
1149 607 1235 690 quod
1259 607 1337 671 duce
1362 604 1501 671 Caesare

226 713 397 779 Germanis
417 717 449 778 et
463 713 572 778 Persis
592 712 686 777 victis
706 712 825 776 milites
841 711 971 776 Ararim
988 710 1181 777 Germaniae
1199 713 1319 777 flumen
1339 713 1504 777 biberunt.

315 822 366 885 62.
403 838 537 884 Annam
561 819 646 884 Arar
669 820 785 884 fluvius
809 818 949 904 Galliae,
972 819 1074 883 fluens
1098 820 1131 883 in
1155 819 1274 884 flumen
1292 820 1503 902 Rhodanum3

190 927 335 1014 5Tigris
359 927 534 991 Armeniae
561 926 692 1009 fluvius,
719 927 857 991 influens
885 927 918 990 in
941 925 1106 990 Persicum
1136 926 1251 992 sinum.
1297 928 1407 1009 itaque
1431 926 1503 990 vult

225 1037 352 1100 diversa
374 1036 459 1099 inter
483 1057 516 1099 se
540 1035 613 1099 loca
637 1035 834 1120 significare:
858 1034 950 1117 dicit,
973 1033 1063 1117 prius
1088 1032 1244 1097 Parthum
1270 1055 1307 1096 ex
1327 1032 1430 1098 Arare
1454 1032 1502 1095 bi-

224 1144 382 1227 biturum,
406 1141 605 1207 Germanum
624 1164 662 1207 ex
678 1141 820 1225 Tigride,
844 1163 940 1224 quam
965 1139 1028 1204 sibi
1048 1140 1246 1205 oblivionem
1271 1141 1413 1204 futuram
1438 1161 1503 1204 non

225 1250 320 1315 divisi
345 1249 417 1334 agri
441 1247 589 1314 Caesaris
613 1247 778 1312 beneficia.

313 1357 365 1422 63.
402 1373 516 1421 minvs
544 1355 576 1419 id
601 1358 651 1418 est
673 1352 750 1417 Iulii
774 1350 932 1417 Caesaris.
1069 1371 1230 1419 Lanarva
1254 1358 1427 1438 respuatur
1451 1354 1501 1417 vel

173 1485 205 1533 10
224 1463 382 1530 oblivioni
405 1464 563 1528 tradatur.

313 1572 364 1635 64.
401 1587 570 1636 srrmurrs
595 1587 713 1634 minvs
737 1586 849 1634 araas
873 1572 987 1653 tropus
1012 1568 1224 1652 synecdoche:
1249 1569 1289 1633 ab
1305 1568 1395 1632 Afris
1416 1570 1501 1633 enim

223 1678 373 1761 Libyam,
397 1700 479 1762 quae
502 1699 586 1761 aqua
609 1676 748 1762 indiget,
771 1676 919 1760 intellegi
942 1676 1021 1741 vult.

313 1786 365 1851 65.
401 1803 574 1850 seranum
598 1785 688 1869 regio
713 1784 984 1868 septentrionalis.
1116 1803 1158 1848 ar
1182 1802 1338 1848 aarinvu
1362 1801 1499 1848 carran

224 1912 344 1960 eaxan
367 1893 429 1958 hoc
453 1896 502 1956 est
525 1892 735 1976 lutulentum,
764 1891 849 1976 quod
872 1891 957 1974 rapit
980 1896 1112 1956 cretam.
1159 1896 1282 1955 cretam
1306 1894 1428 1954 terram
1454 1892 1499 1955 al-

170 2022 202 2070 15
221 2002 295 2065 bam
319 1999 414 2064 dixit:
437 2021 513 2063 nam
534 1997 638 2062 Oaxes
661 1998 778 2062 fluvius
798 1995 1067 2083 Mesopotamiae,
1092 1999 1148 2083 qui
1173 1998 1301 2082 rapiens
1327 1998 1501 2063 velocitate

312 2246 518 2316 transumere]
542 2245 667 2299 lustratis
685 2246 749 2300 add.
770 2244 812 2310 R,
830 2245 957 2298 lustratis
977 2246 1020 2298 uel
1042 2247 1076 2298 H
1099 2247 1108 2314 ΙΙ
1135 2246 1165 2298 id
1186 2248 1229 2299 est
1248 2245 1452 2300 Germanorum
1473 2248 1502 2300 et

222 2318 367 2372 Persarum
385 2318 425 2371 R:
445 2334 641 2386 germanorum
660 2317 719 2370 siue
738 2313 881 2385 persarum
901 2318 931 2369 H
968 2315 998 2368 id
1017 2321 1061 2370 eat
1079 2319 1219 2386 germanis
1238 2319 1268 2370 et
1287 2317 1375 2386 persis
1395 2323 1501 2387 (perses

221 2391 258 2459 L)
277 2390 346 2443 dicit
365 2389 424 2442 LP
457 2389 526 2443 dicit
544 2405 692 2458 germanos
711 2390 740 2441 et
758 2404 853 2456 persas
874 2389 908 2440 M
922 2390 961 2457 112
981 2408 1049 2443 arva
1061 2433 1067 2444 .
1078 2433 1103 2444 ..
1119 2389 1254 2443 oblivioni
1273 2389 1412 2459 tradatur]
1433 2410 1502 2444 arva

222 2461 354 2515 subaudio
374 2463 491 2529 uterque
510 2460 617 2514 fluuius.
643 2464 686 2513 est
705 2458 780 2513 enim
799 2459 899 2512 fluuius
919 2475 983 2514 arar
1002 2459 1107 2527 galliae
1126 2461 1212 2514 fluens
1231 2460 1260 2512 in
1279 2460 1382 2513 flumen
1400 2459 1501 2516 rhoda-

221 2551 301 2599 num,
329 2531 411 2602 tigris
437 2547 504 2586 uero
530 2531 670 2586 armeniae
696 2530 796 2584 fluuius
821 2531 851 2583 iu
876 2531 1014 2600 persicum
1041 2532 1131 2585 sinum
1150 2532 1247 2586 fluens.
1285 2533 1314 2584 et
1332 2534 1376 2586 est
1395 2533 1501 2602 speeies

220 2604 353 2674 yperbole
378 2602 465 2659 dictio
489 2602 574 2657 fidem
592 2603 727 2658 excedens
746 2601 868 2670 augendi
886 2601 1066 2656 minuendiue
1085 2620 1178 2658 eausa.
1215 2622 1336 2657 aiaurva
1354 2605 1502 2672 respuatur

221 2677 266 2730 uel
285 2675 422 2730 obliuioni
440 2675 577 2730 tradatur.
601 2672 630 2729 et
642 2674 696 2729 hoc
715 2672 917 2728 metonomicos
937 2674 1012 2742 quod
1030 2675 1095 2729 ante
1114 2675 1213 2730 fluuios
1232 2673 1394 2743 germaniae
1413 2675 1501 2744 persis

221 2749 251 2802 et
268 2748 384 2815 persidis
403 2747 547 2816 germania
566 2745 650 2799 tellus
670 2744 795 2812 habebit,
814 2762 899 2813 quam
917 2744 966 2798 ille
985 2747 1097 2814 augusti
1117 2745 1307 2800 obliuiscetur.
1335 2765 1367 2797 ur
1385 2766 1434 2800 ros
1454 2765 1502 2815 po·

221 2818 303 2888 pulus
322 2820 490 2872 mantuanus
505 2818 538 2870 H
549 2820 558 2888 ΙΙ
572 2817 601 2870 id
620 2818 715 2873 est...
730 2817 860 2886 Caesare]
879 2815 909 2869 id
929 2819 972 2870 est
991 2816 1167 2885 Caesarque
1187 2818 1256 2870 duce
1275 2832 1388 2870 caesare
1408 2817 1502 2871 LPR

221 2890 338 2959 parthus
362 2889 437 2958 quod
461 2889 531 2942 duce
556 2904 667 2942 caesare
686 2889 723 2941 M
756 2887 785 2940 id
809 2888 852 2941 est
870 2885 988 2941 Parthus
1012 2890 1040 2941 et
1059 2889 1228 2954 Germanus,
1258 2887 1359 2942 Caesar
1383 2888 1500 2956 scilicet,

242 2980 278 3016 uo
297 2961 368 3015 duce
387 2961 543 3028 Stephanus
561 2965 586 3012 et
603 2960 707 3013 Daniel
739 2959 769 3011 id
788 2960 832 3012 est
850 2956 968 3012 Parthus
988 2963 1016 3012 ct
1035 2959 1196 3026 Germanus,
1216 2960 1283 3027 quia
1301 2959 1370 3013 duce
1390 2959 1499 3014 scilicet

222 2981 343 3087 llaesare
363 3033 504 3086 Fabriciis
521 3033 530 3100 ΙΙ
550 3037 565 3084 3
585 3047 694 3084 ararum
714 3030 763 3098 Ll
781 3036 798 3082 4
816 3029 899 3100 Arar]
919 3031 947 3083 id
967 3032 1010 3083 est
1027 3032 1091 3085 add.
1113 3032 1140 3084 P
1152 3032 1161 3099 ΙΙ
1174 3032 1287 3099 fluvius}
1307 3032 1351 3085 est
1368 3033 1432 3086 add.
1452 3032 1479 3084 a
1493 3036 1501 3103 y!

224 3104 340 3157 fluuium
358 3104 386 3157 R
417 3104 426 3172 l
458 3102 639 3171 Rhodanum]
660 3116 743 3168 quem
763 3101 928 3155 Germaniae
947 3100 1049 3155 tribuit
1067 3101 1113 3157 uel
1131 3103 1246 3172 propter
1264 3100 1441 3156 uicinitatem
1461 3121 1501 3156 re-

224 3176 353 3245 gionum,
377 3190 449 3243 qnae
469 3174 568 3227 Rheno
587 3174 698 3226 tantum
718 3171 960 3241 disterminantur,
983 3173 1029 3227 uel
1048 3172 1084 3227 ad
1103 3174 1349 3228 demonstrandam
1370 3173 1501 3243 simpliei-

223 3249 311 3301 tatem
336 3245 485 3313 rusticam,
513 3245 558 3298 eui
583 3244 637 3298 hoc
661 3258 773 3298 carmen
793 3242 938 3309 tribuitur,
967 3260 1038 3311 quae
1058 3244 1140 3299 l'acile
1159 3244 1306 3299 inscientia
1326 3243 1501 3314 (inscientiae

221 3318 259 3386 R)
286 3319 410 3372 locorum
435 3318 464 3371 et
486 3315 696 3384 prouinciarum
718 3314 826 3368 fallitur
845 3315 908 3368 add.
928 3314 971 3381 R,
999 3316 1038 3369 ed.
1059 3316 1149 3386 Stept.
1172 3319 1182 3387 ss
1206 3315 1332 3384 dTigris
1351 3317 1437 3369 etiam
1458 3317 1502 3369 est
1532 3324 1535 3331 “

220 3389 379 3444 armoeniae
399 3388 427 3442 R
440 3391 450 3459 ΙΙ
463 3386 567 3458 Tigris]
587 3386 616 3439 id
635 3387 680 3440 est
697 3387 761 3440 add.
781 3384 829 3454 Py
843 3386 871 3439 in
890 3401 941 3439 ern.
962 3387 999 3440 M
1010 3388 1019 3455 ΙΙ
1039 3386 1147 3458 itaque]
1167 3388 1263 3455 itaque
1282 3386 1369 3456 tigres
1387 3386 1414 3439 L
1446 3387 1498 3440 ita-

220 3476 274 3529 que
293 3460 375 3530 tigris
395 3460 453 3513 PH
489 3476 539 3527 per
563 3473 635 3527 quae
654 3457 693 3510 M
725 3456 820 3523 itaqua
847 3473 896 3524 per
918 3456 1023 3538 Tigrim
1048 3461 1077 3512 et
1100 3458 1211 3513 Ararim
1234 3459 1315 3528 culpo
1341 3460 1351 3528 ΙΙ
1379 3458 1497 3528 edicit]

220 3532 290 3585 dicit
308 3533 383 3586 enim
402 3533 483 3601 oulyo
496 3533 506 3599 ΙΙ
519 3531 628 3599 partem
648 3529 675 3582 L
688 3529 697 3597 l
711 3525 782 3582 arari
800 3529 878 3594 Pyr
897 3526 966 3597 tigri
981 3528 1010 3581 P
1021 3529 1030 3598 ΙΙ
1044 3531 1140 3602 quam]
1161 3547 1232 3599 quae
1247 3531 1282 3596 L,
1300 3545 1350 3584 orn.
1361 3530 1394 3583 N
1404 3532 1414 3598 l
1427 3529 1495 3599 non]

220 3620 271 3658 om.
290 3603 323 3671 P,
342 3603 376 3656 de
395 3619 451 3656 non
470 3602 509 3655 M
526 3604 536 3670 l
554 3607 570 3654 8
589 3599 738 3669 beneficio]
758 3598 804 3652 uel
823 3599 869 3652 hic
888 3604 931 3652 cst
949 3616 1054 3655 sensus.
1093 3604 1158 3655 ante
1177 3601 1290 3672 parthia
1308 3602 1337 3654 et
1355 3601 1499 3670 germania

220 3691 313 3730 errore
336 3673 410 3729 inter
433 3690 461 3728 se
487 3672 607 3742 propriis
630 3670 730 3724 finibus
755 3671 876 3724 confusis
900 3687 1034 3740 regeones
1053 3674 1112 3742 (sic)
1137 3689 1201 3728 suas
1221 3675 1250 3726 et
1268 3672 1330 3726 loca
1348 3687 1380 3726 ac
1400 3672 1501 3726 fluuios

220 3762 271 3814 per
294 3744 545 3800 commutationem
567 3743 693 3797 incolent
715 3758 799 3810 quam
823 3743 919 3796 nostro
944 3745 1057 3811 pectore
1081 3744 1201 3799 caesaris
1225 3744 1320 3798 uultus
1340 3743 1452 3796 labatur
1470 3743 1499 3795 id

219 3818 263 3871 est
290 3818 438 3887 respuatur
465 3815 511 3869 uel
540 3814 678 3870 obliuioni
705 3814 840 3867 tradatur.
887 3814 930 3866 Ad
958 3832 1021 3869 nos:
1053 3813 1083 3868 id
1111 3818 1154 3870 est
1183 3815 1304 3885 populus
1332 3817 1500 3868 mantuanus

218 3890 282 3944 add.
301 3889 329 3942 a
346 3889 355 3956 ΙΙ
374 3896 389 3942 9
412 3888 516 3942 scholia
538 3887 576 3941 ud
597 3903 622 3941 o.
637 3891 671 3939 63
690 3891 754 3939 onte
770 3886 900 3939 scholiam
919 3886 956 3939 od
974 3903 999 3940 c.
1014 3892 1048 3940 62
1067 3888 1237 3955 adscriptam
1255 3887 1315 3940 bob.
1335 3885 1472 3942 LPRM
1487 3886 1496 3958 ll

217 3959 294 4031 Iulii]
311 3960 434 4029 Augusti
450 3959 531 4029 culpo
558 3959 568 4027 ΙΙ
596 3964 629 4010 10
655 3954 772 4009 obliuini
798 3955 856 4024 Pu
885 3964 915 4009 11
943 3957 1129 4029 synecdoche]
1155 3959 1182 4011 id
1206 3959 1250 4011 est
1267 3959 1359 4011 totum
1378 3974 1396 4011 a
1415 3959 1494 4026 parte

218 4033 282 4086 add.
306 4032 341 4086 H
362 4034 373 4101 ll
399 4031 435 4084 ab
467 4029 534 4084 afris
565 4028 639 4082 enim
671 4027 767 4081 libiam
795 4027 879 4081 interi
906 4028 1083 4098 (interiorem
1112 4047 1184 4084 maa.
1212 4046 1264 4084 rec.
1292 4030 1324 4082 ia
1351 4029 1396 4099 N)
1425 4047 1498 4097 quae

219 4119 321 4171 aquam
347 4106 412 4172 eget
436 4100 565 4170 intellegi
592 4100 655 4153 uult
682 4098 708 4151 L
735 4099 745 4167 l
769 4104 801 4151 12
827 4099 901 4170 vult]
925 4098 1004 4154 Libia
1027 4104 1121 4155 autem
1150 4104 1192 4155 est
1218 4099 1391 4155 calidissima
1420 4100 1498 4169 regio

219 4182 248 4228 et
275 4171 470 4229 inhabitabilis
498 4174 562 4228 add.
591 4171 619 4225 R
655 4173 699 4224 est
726 4169 800 4224 enim
827 4169 999 4225 calidissima
1025 4170 1104 4240 regio
1132 4174 1162 4227 et
1188 4189 1277 4241 paene
1305 4171 1499 4226 inhabitabilis

219 4247 283 4300 add.
303 4244 349 4311 H,
376 4246 416 4298 ed.
436 4245 526 4314 steph.
556 4245 565 4311 ΙΙ
594 4249 626 4296 13
646 4259 752 4294 sciram
770 4241 797 4294 L
834 4259 932 4294 suanm
950 4242 983 4295 N
1006 4244 1016 4311 ΙΙ
1043 4242 1133 4313 regio]
1153 4246 1196 4298 est
1214 4245 1278 4299 aad.
1297 4243 1325 4296 R
1352 4247 1362 4314 ΙΙ
1389 4246 1499 4313 septen·

219 4316 359 4386 trionalis]
378 4315 560 4385 frigidissima
578 4315 643 4368 add.
663 4313 735 4379 RH,
754 4315 798 4367 cst
816 4314 880 4368 odd.
900 4313 972 4366 LM
1001 4315 1010 4382 ΙΙ
1044 4319 1077 4367 14
1094 4315 1148 4370 hoc
1167 4315 1346 4371 est...dixit
1364 4332 1430 4369 nam
1448 4331 1498 4370 ona.

220 4388 254 4442 H
265 4390 274 4458 ll
287 4388 341 4442 hoc
360 4389 403 4441 est
422 4404 472 4442 om.
492 4387 530 4440 M
539 4389 549 4455 ΙΙ
563 4385 733 4439 lutulentum
752 4385 801 4438 M:
826 4385 978 4438 lutulosum
998 4383 1025 4437 L
1062 4386 1213 4442 lutolosum
1232 4388 1260 4442 P
1294 4388 1452 4441 luctuosum
1473 4385 1500 4438 R

219 4460 344 4514 lutosum
362 4459 513 4514 Beruenses
526 4459 535 4526 ΙΙ
550 4458 668 4511 cretam.
680 4500 686 4511 .
699 4499 705 4512 .
716 4454 789 4510 dixit
806 4456 853 4509 M:
873 4453 984 4510 Cretam
1003 4455 1033 4508 id
1052 4459 1095 4511 est
1113 4461 1217 4514 terram
1237 4458 1332 4513 albam
1351 4458 1423 4511 dixit
1441 4457 1503 4508 LP

221 4530 251 4584 id
270 4535 315 4585 est
332 4532 428 4585 albam
446 4532 550 4584 terram
569 4528 597 4581 R
619 4530 628 4596 ῃ
652 4532 684 4581 lt
705 4526 782 4582 oaxis
801 4528 880 4594 libri,
904 4529 961 4583 uisi
978 4529 1050 4597 qaod
1068 4529 1147 4584 acris
1166 4532 1253 4586 Lour.
1281 4534 1290 4601 ΙΙ
1320 4530 1369 4598 qui
1387 4527 1499 4596 rapiens

220 4637 373 4694 velocitate
392 4656 442 4693 sua
460 4637 502 4690 Il:
531 4653 565 4689 er
584 4634 736 4689 uelocitate
757 4634 846 4689 utitur
865 4641 913 4706 qui
932 4639 1045 4708 rapiens
1063 4640 1089 4692 L
1126 4654 1159 4692 ex
1178 4613 1434 4692 uelocitatdurititur
1451 4633 1502 4700 qui

220 4729 331 4798 rapiens
351 4728 379 4781 P
414 4745 448 4781 ea
465 4725 617 4780 uelocitate
636 4724 725 4778 utitur
735 4766 850 4782 .......
860 4729 972 4798 rapiens
997 4732 1070 4799 (post
1093 4727 1183 4782 utitur
1205 4732 1302 4796 septem
1320 4726 1377 4793 fere
1395 4708 1501 4777 litterae

221 4799 449 4869 ec·aaaerunt)1l
487 4797 635 4852 uelocitate
654 4795 743 4850 utitur
763 4797 812 4864 qui
830 4798 941 4869 rapiens
961 4802 998 4854 M
