3354 5430
229 348 293 413 184
805 346 926 401 SERVII

226 518 286 579 est:
309 536 383 578 cum
397 512 495 577 Liber
512 516 606 596 pater
620 510 797 596 Ariadnen,
820 510 948 595 Minois,
972 509 1087 576 Cretae
1110 513 1207 598 regis,
1230 513 1344 597 filiam,
1369 536 1502 579 uxorem

227 621 372 705 duceret,
395 619 561 684 Vulcanus
585 619 614 682 ei
637 640 790 683 coronam
814 618 949 700 obtulit,
977 641 1074 703 quam
1097 619 1154 683 ille
1177 619 1216 684 ad
1240 621 1351 685 uxoris
1374 620 1503 706 insigne

227 729 312 793 inter
342 727 448 792 sidera
478 727 659 792 collocavit.
709 728 742 789 et
772 725 902 789 stellam
931 748 989 809 per
1018 726 1180 810 poeticam
1211 726 1379 792 licentiam
1409 728 1504 814 dixit3

228 839 369 900 ceterum
393 857 449 899 sex
472 836 562 916 sunt,
585 833 703 917 quibus
726 833 761 896 in
784 833 873 897 caelo
897 833 1080 898 declaratur
1103 855 1230 899 corona.
1272 835 1331 898 atii
1352 835 1433 900 banc
1452 837 1503 916 fa-

193 960 208 1009 5
227 944 332 1008 nam
353 943 400 1006 ita
422 942 584 1006 aberent:
615 940 747 1005 Ttesens
774 961 842 1004 nim
865 942 909 1005 ad
929 942 1166 1006 interimendum
1190 941 1412 1007 Minotaurum
1435 942 1504 1008 Cre·

228 1055 292 1114 tam
314 1049 454 1128 uenisset,
477 1048 657 1112 miseratum
679 1049 744 1112 nors
758 1047 922 1110 Ariadnen
945 1049 1101 1112 annitinrn
1124 1050 1153 1112 ei
1175 1051 1218 1114 ad
1235 1051 1428 1114 occidendam
1450 1051 1504 1131 filo

227 1160 315 1222 dncto
337 1157 558 1221 Minotaurum
575 1156 780 1236 praestitisse;
807 1153 955 1218 Tireseenn
977 1176 1046 1220 oero
1069 1157 1248 1240 Ariadnen,
1270 1158 1505 1239 ntpotesalntrs

227 1269 392 1346 canerent,
415 1283 517 1327 senon
539 1263 683 1327 occense.
723 1263 778 1343 oni
800 1282 868 1325 nrm
891 1263 934 1326 ad
956 1262 1087 1326 Alonion
1114 1264 1252 1328 insortam
1278 1264 1374 1328 delati
1399 1269 1504 1347 essert,

227 1372 392 1435 Ariadnen
415 1371 457 1435 rbi
479 1371 525 1434 oet
547 1371 683 1434 consntto
704 1371 750 1434 cet
771 1370 945 1434 necessitate
966 1371 1013 1434 oet
1035 1372 1154 1434 rnonitn
1177 1371 1329 1435 Mercurii
1351 1393 1372 1434 a
1393 1370 1504 1435 Theseo

176 1499 209 1547 10
227 1481 409 1546 derelictam.
450 1500 544 1561 priona
567 1499 636 1543 cnm
658 1478 751 1542 Liber
766 1482 859 1560 pater
881 1479 1067 1556 adamasset,
1090 1500 1236 1544 eoronam
1258 1480 1286 1543 ci
1308 1480 1427 1560 dcrnpto
1445 1499 1504 1560 pir·

227 1591 311 1665 dore,
333 1589 413 1653 sient
434 1608 530 1668 supro
553 1587 668 1650 dictum
690 1589 746 1663 est,
769 1585 883 1649 dicitnr
901 1584 1058 1650 obtulisse:
1081 1608 1175 1668 qnam
1193 1588 1286 1652 ctiam
1304 1587 1385 1651 inter
1401 1587 1506 1651 sidera

223 1699 330 1778 posteo
352 1695 527 1760 contocooit.

318 1803 392 1866 223.
429 1816 630 1867 conceleres
655 1800 748 1883 quasi
772 1799 960 1864 custodibus
983 1799 1066 1866 fidis.

318 1910 392 1974 224.
430 1930 564 1972 rnrrrrr
585 1929 713 1970 rennes
734 1909 763 1972 si
785 1928 848 1971 non
869 1928 924 1972 sno
948 1912 1078 1989 tempore
1099 1915 1228 1974 seratrn.

178 2034 210 2081 ιο
319 2017 393 2080 225.
431 2033 522 2080 ANTE
552 2031 712 2080 occnsvrr
740 2030 849 2079 neres
876 2014 909 2078 id
938 2018 1086 2079 estante
1110 2037 1260 2080 occasum
1284 2015 1505 2081 Atlantidum:

228 2130 257 2190 et
278 2124 333 2188 troc
355 2128 410 2206 est,
433 2124 514 2204 qnod
534 2124 582 2186 ait
604 2121 793 2186 ‘Atlantides
815 2120 1068 2187 abscondantnr':
1092 2145 1168 2187 nam
1192 2122 1281 2187 Maia
1304 2146 1369 2187 una
1392 2126 1442 2188 est
1466 2124 1505 2188 de

229 2231 309 2316 ipsis
332 2229 567 2294 Atlantidibus.

319 2338 392 2402 227.
429 2357 462 2401 sr
490 2357 570 2400 reno
597 2357 776 2408 rrcrruorn
801 2357 899 2401 senas
923 2338 959 2400 in
986 2339 1118 2419 quodam
1145 2339 1286 2421 adespoto
1313 2337 1432 2403 Gracco
1462 2339 1507 2403 sie

226 2446 362 2529 position
384 2449 430 2509 est
452 2445 580 2526 φακοὺς
604 2439 641 2508 δὲ
664 2441 720 2508 καὶ
743 2442 897 2526 φάσηλον
920 2444 1045 2528 ὄροβον
1068 2443 1191 2527 ὁμοίως
1214 2439 1250 2508 δὲ
1269 2446 1350 2528 μετὰ
1368 2444 1507 2531 ἀρκτοῦ-

177 2572 292 2639 2ορον
317 2552 440 2616 δύοντα
463 2551 530 2634 ἅμα
553 2549 648 2637 μέχρι
672 2551 713 2635 δὴ
737 2560 879 2636 τροπῶν.
1014 2569 1195 2629 VILEMQVE
1219 2569 1378 2617 FASELVM
1407 2553 1506 2637 pluri·

231 2683 335 2742 mum,
359 2658 592 2724 abundantem:
628 2681 704 2724 nam
727 2680 822 2722 omne
846 2657 932 2741 quod
954 2657 1099 2723 abundat
1121 2659 1185 2723 vile
1209 2663 1273 2744 est,
1296 2664 1334 2725 ut
1357 2659 1395 2743 <1
1418 2661 1505 2742 274>

231 2768 378 2833 vilibus
403 2770 468 2830 eut
492 2769 630 2831 onerat
652 2765 784 2849 pomis.

320 2875 395 2940 228.
432 2890 648 2938 Psnvslncns
672 2889 793 2937 nnnrrs
817 2871 983 2937 Pelusium
1007 2895 1106 2936 unum
1130 2877 1180 2937 est
1204 2873 1242 2938 de
1266 2879 1391 2958 septem
1414 2875 1507 2940 ostiis

231 2980 313 3066 Nili,
343 2981 396 3045 ribi
414 2982 554 3064 primurn
579 2981 644 3045 tene
665 2982 789 3044 incenia
811 2981 934 3063 dicitnr,
962 2981 1009 3044 oet
1030 2980 1086 3044 ubi
1110 2981 1235 3065 optima
1257 2982 1326 3046 lens
1349 2984 1507 3048 nascitur:

180 3107 213 3156 25
232 3088 316 3153 unde
344 3082 415 3152 κατ’
437 3085 555 3171 ἐξοχὴν
583 3087 710 3151 locutus
738 3091 797 3151 est.
910 3108 1142 3152 ASPERNABERE
1167 3093 1282 3168 annm,
1309 3091 1344 3154 id
1368 3095 1414 3155 est
1437 3111 1508 3156 con-

232 3201 352 3261 ternam

321 3396 355 3445 20
375 3387 647 3458 plurimum...rile
667 3388 722 3459 est]
743 3404 828 3442 exscr.
847 3388 912 3442 lsid.
933 3405 971 3443 or.
991 3387 1068 3442 XVII
1086 3395 1111 3455 4,
1127 3394 1151 3444 6.
1191 3388 1225 3444 cf.
1246 3389 1317 3444 Non.
1336 3409 1363 3459 p.
1378 3394 1439 3458 629,
1456 3396 1472 3445 8

321 3540 337 3587 3
357 3533 450 3593 ethic
469 3530 581 3586 stellam
600 3531 710 3600 poetica
734 3529 849 3585 licentia
867 3529 938 3584 dixit
957 3530 986 3585 R
1003 3533 1013 3602 11
1034 3538 1051 3585 4
1069 3533 1183 3602 corona]
1206 3532 1310 3587 Gnosia
1327 3535 1422 3587 autem
1441 3533 1508 3588 Gre-

231 3606 289 3661 tice
311 3606 346 3660 ab
369 3606 438 3658 urbe
462 3601 574 3669 Cretae,
601 3620 672 3670 quae
692 3602 799 3657 Gnoses
818 3601 930 3671 (Gnosis
950 3603 1114 3671 Stephanus)
1138 3601 1248 3658 dieitur.
1287 3607 1315 3658 et
1338 3603 1422 3658 stella
1440 3606 1504 3661 ideo

232 3677 335 3732 dicitnr
352 3675 476 3744 Cretica,
503 3675 569 3743 quia
592 3675 628 3728 ad
650 3673 762 3728 laudem
780 3671 869 3739 illiue,
899 3691 970 3741 quae
990 3675 1092 3728 Cretici
1110 3675 1184 3743 regis
1204 3676 1262 3728 filia
1280 3674 1347 3742 fuit,
1375 3676 1406 3729 in
1426 3678 1505 3731 caelo

232 3751 275 3803 est
292 3748 385 3818 posita
404 3747 467 3819 ipsa
485 3763 594 3802 corona
632 3745 735 3800 Sulcis:
754 3744 927 3799 arationibus
945 3747 1010 3800 add.
1030 3746 1058 3800 R
1075 3747 1085 3815 ΙΙ
1104 3753 1120 3800 5
1138 3747 1266 3800 theseum
1284 3747 1325 3812 L,
1343 3750 1453 3801 correxi
1466 3750 1506 3818 tt

232 3820 362 3874 aliedncn
380 3820 422 3886 L,
450 3835 518 3873 corr.
538 3818 570 3874 P.
590 3818 694 3872 Daniel
716 3818 725 3885 ss
750 3821 782 3869 10
802 3814 829 3869 ei
847 3815 961 3885 dempto
979 3819 1086 3886 pudore
1103 3819 1217 3887 scripsi:
1236 3818 1347 3887 eidcmp
1367 3818 1507 3888 tipudoris

232 3893 266 3946 L.
295 3893 385 3960 possis
403 3897 428 3945 et
446 3907 497 3960 pro
517 3889 625 3958 dempti
643 3886 758 3957 pudoris
777 3887 901 3957 praemio
920 3890 961 3943 oet
979 3889 1203 3943 remuneratione
1216 3890 1226 3958 l
1241 3894 1275 3943 14
1293 3892 1330 3944 ad
1348 3907 1373 3943 ο.
1390 3895 1442 3944 224
1461 3891 1506 3945 ln-

233 3963 309 4017 uitae
327 3966 430 4016 terrae:
455 3978 528 4030 quae
546 3960 626 4029 quasi
646 3962 743 4014 coacta
761 3960 894 4028 (quoacta
912 3959 949 4026 R)
973 3961 1139 4015 rusticorum
1167 3960 1263 4016 labore
1283 3965 1312 4014 et
1330 3979 1386 4016 non
1406 3964 1507 4031 sponte

232 4035 339 4088 fructus
362 4034 477 4103 profert.
523 4031 599 4085 Anni
617 4049 710 4101 spem:
737 4031 810 4086 unde
828 4034 856 4085 te
876 4048 979 4084 annum
998 4049 1092 4101 speres
1110 4049 1192 4101 posse
1210 4033 1311 4086 ducere
1330 4035 1372 4100 (tu
1391 4049 1416 4087 a
1437 4051 1458 4088 s.
1479 4054 1506 4104 p.

233 4106 370 4160 deducere
390 4105 554 4174 Stephanus)
572 4104 599 4156 R
613 4104 622 4171 ΙΙ
637 4107 671 4156 15
689 4121 762 4156 unes
778 4102 804 4155 V
819 4121 889 4156 mu
908 4103 935 4155 L
948 4104 958 4170 ΙΙ
971 4101 1000 4155 id
1019 4107 1062 4157 est
1076 4148 1081 4158 .
1093 4148 1099 4159 .
1112 4147 1117 4159 .
1129 4103 1334 4175 Atlantidibus]
1354 4105 1507 4173 antequam

234 4177 406 4231 athlantides
426 4174 567 4231 occidant:
587 4192 651 4228 nam
669 4174 745 4228 maia
763 4191 819 4227 une
838 4175 881 4228 est
899 4190 993 4227 earum
1012 4175 1040 4228 B
1053 4175 1062 4244 ΙΙ
1077 4180 1110 4228 17
1124 4177 1162 4229 ad
1175 4193 1198 4229 ο.
1211 4181 1262 4229 226
1283 4173 1382 4230 Vanis:
1402 4178 1506 4232 uacuis.

234 4249 337 4302 Elusit:
353 4249 464 4316 decepit
476 4247 523 4314 ΗΙΙ
549 4248 606 4315 219
626 4259 733 4314 canore
752 4263 786 4298 as
805 4262 852 4299 nar
871 4259 995 4314 paenaou
1015 4265 1223 4300 oronosoumuc
1244 4264 1279 4298 ss
1298 4264 1375 4301 mera
1388 4264 1505 4302 neuros·

233 4338 283 4372 rou
307 4337 410 4373 secura
433 4335 496 4372 ama
519 4336 609 4371 mum
629 4337 665 4369 sn
684 4335 794 4371 erenum
812 4317 839 4370 L
881 4322 1025 4403 peponum
1045 4315 1167 4387 (φακοὺς
1185 4316 1217 4371 δὲ
1243 4318 1364 4386 Vossius)
1384 4319 1433 4372 nal
1452 4316 1507 4387 φά-

234 4395 318 4459 σηλον
337 4387 439 4460 ὄροβον
459 4386 561 4457 ὁμοίως
579 4387 611 4442 δὲ
631 4385 701 4458 μετὰ
721 4383 878 4455 ἀρκτοῦρον
898 4390 1004 4442 douvra
1023 4384 1082 4457 ἅμα
1101 4387 1181 4457 μέχρι
1200 4387 1231 4444 δὲ
1251 4391 1362 4458 τροπῶν
1377 4389 1485 4445 Daniel
1497 4391 1507 4463 ll

234 4468 270 4516 20
288 4480 407 4515 essenus
426 4460 576 4529 plurimum
595 4477 646 4514 orn.
665 4459 693 4513 R
711 4461 720 4528 l
739 4466 772 4513 22
792 4477 876 4515 onere
891 4462 918 4515 L
934 4461 943 4529 l
964 4460 1067 4531 pomis]
1086 4460 1249 4515 Phaselum:
1268 4461 1401 4530 phaselus
1421 4463 1508 4518 herba

235 4536 279 4587 est
296 4533 381 4586 trium
400 4532 544 4599 loliorum,
564 4547 636 4600 quae
655 4532 731 4600 apud
750 4532 835 4587 Italos
854 4532 955 4586 seritur
973 4535 1002 4586 et
1020 4533 1121 4586 crescit
1139 4533 1202 4587 add.
1214 4533 1255 4599 n,
1273 4550 1330 4588 non
1348 4535 1434 4588 edidit
1448 4535 1508 4588 Ste-

230 4607 343 4675 phanus
356 4605 365 4673 l
379 4609 414 4658 24
432 4605 492 4658 lens
507 4609 571 4673 post
589 4602 696 4672 optima
714 4620 764 4657 orn.
774 4602 800 4655 L
815 4605 823 4673 ll
838 4609 872 4658 25
891 4602 1060 4659 catexochen
1071 4605 1149 4669 libri,
1167 4606 1304 4673 nisiqnod
1318 4604 1508 4660 cathexcchen

241 4677 286 4746 Vl
300 4677 410 4732 locutus
430 4676 485 4748 est]
507 4675 712 4745 Aspernabcre:
738 4678 914 4744 contemptus
933 4680 976 4729 est
996 4680 1168 4743 (contemnes
1188 4676 1361 4744 Stephanus).
1399 4677 1506 4732 Lentis:

236 4764 268 4802 ac
289 4748 420 4817 sidicat,
440 4749 526 4802 etiem
545 4746 619 4801 inter
637 4746 694 4800 alia
712 4746 817 4800 lentem
836 4764 920 4802 seras.
947 4747 1028 4801 Haud
1049 4749 1177 4802 obscura:
1196 4747 1227 4800 id
1246 4751 1362 4803 estnon
1382 4750 1507 4816 obscura,

235 4818 289 4874 hoc
308 4823 351 4874 est
370 4819 446 4875 clara
464 4821 527 4875 odd.
548 4818 576 4872 R
590 4819 599 4888 t
613 4818 789 4888 contempnis
807 4818 834 4872 L
853 4820 1045 4889 (contempnes
1063 4818 1095 4872 P.
1114 4818 1229 4887 Daniel)
