3354 5430
640 1368 980 1483 rnnnnnrro.

260 1599 330 1675 Quo
361 1603 507 1683 tempore
538 1600 579 1664 ad
612 1606 735 1664 veteres
763 1599 904 1685 Vergilii
934 1600 1127 1684 interpretes
1159 1601 1297 1666 edendos
1330 1603 1440 1687 adgre-

171 1707 296 1787 diebar,
329 1707 370 1769 ab
403 1705 622 1771 Hermanno
656 1707 830 1792 Hageno,
864 1708 981 1789 amico,
1015 1709 1131 1791 petivi,
1163 1713 1200 1772 ut
1232 1732 1304 1774 eam
1338 1710 1444 1793 operis

170 1816 312 1897 partem,
336 1836 417 1896 quae
442 1814 482 1877 ad
504 1815 652 1879 bucolica
677 1819 709 1878 et
728 1814 879 1898 georgica
893 1812 1032 1898 Vergilii
1055 1815 1246 1898 pertineret,
1270 1817 1444 1880 curandam

171 1908 363 2004 susciperet:
401 1925 498 2005 atque
529 1922 643 1985 lubens
674 1923 728 1984 ille
760 1923 840 1985 meis
871 1943 905 1984 se
935 1921 1085 2004 precibus
1117 1923 1342 1987 obsecuturum
1374 1946 1444 1987 esse

170 2027 334 2111 promisit,
358 2049 431 2090 cum
455 2028 647 2110 praesertim
664 2027 880 2091 Bernensibus
901 2027 941 2090 ad
959 2026 1016 2091 illa
1035 2029 1177 2093 carmina
1196 2029 1329 2094 scholiis
1349 2030 1444 2095 editis

171 2134 211 2197 ad
238 2134 271 2196 id
300 2156 415 2197 munus
445 2157 478 2198 se
506 2135 539 2198 in
568 2134 685 2218 primis
711 2140 862 2220 paratum
891 2156 961 2197 esse
985 2156 1043 2198 suo
1067 2136 1136 2199 iure
1160 2141 1312 2219 speraret.
1358 2160 1444 2202 nunc

169 2246 206 2304 ut
233 2240 317 2303 idem
348 2240 495 2304 Serviani
522 2244 609 2304 certe
638 2240 864 2305 commentarii
892 2240 1067 2304 editionem
1095 2246 1287 2329 repeterem,
1319 2244 1444 2308 duabus

171 2349 309 2412 maxime
334 2348 440 2412 causis
464 2348 586 2411 factum
611 2353 668 2412 est.
714 2371 790 2413 nam
814 2371 885 2413 curn
909 2348 987 2412 libri
1010 2370 1108 2411 manu
1132 2349 1257 2435 scripti,
1286 2372 1302 2414 e
1327 2352 1444 2433 quibus

170 2477 209 2518 ea
228 2477 309 2539 quae
328 2454 390 2519 hoc
408 2454 563 2519 fasciculo
584 2455 790 2519 continentur
808 2455 896 2536 edita
915 2458 1003 2536 sunt,
1021 2460 1151 2537 praeter
1165 2455 1364 2521 Bernensem
1379 2457 1444 2521 363

171 2583 283 2626 omnes
308 2584 326 2625 a
350 2584 400 2626 me
424 2562 545 2626 conlati
574 2568 694 2644 essent,
727 2584 791 2626 non
815 2563 896 2625 satis
920 2561 1044 2625 cavisse
1068 2584 1119 2625 me
1142 2562 1306 2646 videbam,
1339 2569 1376 2628 ut
1399 2565 1445 2628 eis

171 2691 253 2753 quae
277 2670 345 2751 ipse
370 2671 625 2753 exscripsissem,
649 2669 733 2733 alius
757 2669 825 2732 sine
849 2667 968 2731 erroris
991 2669 1135 2751 periculo
1154 2673 1308 2734 uteretur.
1336 2671 1445 2755 itaque

170 2775 282 2840 critico
312 2776 532 2840 instrumento
562 2798 599 2840 ea
627 2798 708 2859 quae
737 2797 807 2838 esse
836 2775 931 2838 debet
954 2774 1033 2838 fides
1058 2781 1089 2838 et
1113 2776 1290 2841 auctoritas
1312 2800 1379 2842 non
1404 2776 1447 2841 vi-

171 2883 308 2947 debatur
331 2884 439 2966 parari
463 2904 572 2966 posse,
600 2881 663 2945 nisi
687 2881 733 2945 ita
755 2887 793 2945 ut
816 2882 925 2946 omnia
949 2904 1030 2965 quae
1055 2886 1237 2946 enotassenr
1260 2883 1294 2947 in
1318 2882 1446 2968 Hageni

169 3012 264 3054 usum
292 2989 556 3054 transcriberem:
594 3011 657 3072 qua
685 3011 719 3052 re
752 2989 898 3053 futurum
921 2989 1021 3052 fuisse
1043 2988 1260 3075 intellegitur,
1292 2996 1328 3055 ut
1352 2990 1446 3054 labor

171 3101 280 3161 noster
303 3097 461 3162 inutiliter
486 3099 658 3181 augeretur
682 3119 719 3160 ac
743 3119 843 3181 prope
867 3095 1095 3180 duplicaretur.
1133 3096 1246 3161 deinde
1270 3097 1444 3161 verendum

170 3207 254 3287 erat,
287 3203 325 3267 de
354 3225 391 3266 ea
420 3224 501 3285 quae
530 3207 616 3266 recte
644 3209 677 3266 et
700 3204 771 3267 iure
794 3204 980 3288 postulatur
1004 3203 1111 3287 operis
1136 3205 1369 3288 aequabilitate
1392 3226 1445 3267 ne·

171 3311 246 3394 quid
271 3309 508 3392 detraheretur,
532 3310 559 3372 si
583 3306 729 3374 Serviani
754 3310 794 3374 ad
817 3310 965 3374 bucolica
989 3315 1022 3373 et
1046 3310 1199 3394 georgica
1222 3310 1446 3374 commentarii

171 3417 212 3480 ab
238 3416 302 3480 alio
327 3416 506 3499 ederentur,
531 3419 628 3499 atque
652 3418 693 3480 ab
714 3439 750 3480 eo
770 3417 825 3501 qui
840 3416 993 3480 Aeneidis
1013 3403 1264 3481 commentarios
1284 3416 1445 3482 edidisset.

172 3522 329 3608 Hagenus
353 3523 449 3587 alteri
471 3523 567 3587 huius
591 3524 766 3588 voluminis
786 3523 871 3606 parti
891 3523 1095 3587 adornandae
1113 3523 1268 3608 praeerit,
1291 3547 1355 3609 qua
1373 3545 1446 3588 con-

171 3631 362 3695 tinebuntur
384 3629 586 3695 Veronensia
615 3630 751 3714 scholia,
781 3629 878 3693 Probi
902 3630 957 3713 qui
980 3630 1083 3693 fertur
1106 3629 1140 3693 in
1162 3630 1310 3694 bucolica
1334 3634 1367 3694 et
1390 3651 1444 3715 ge-

173 3737 283 3822 orgica
316 3737 580 3818 commentarius,
613 3735 697 3800 Iunii
729 3736 896 3820 Filargirii
928 3736 1146 3800 bucolicorum
1179 3736 1260 3800 duae
1292 3738 1445 3822 explana-

173 3846 293 3930 tiones,
330 3845 557 3928 georgicorum
595 3843 814 3927 expositiones
852 3841 1070 3907 Laurentiano
1107 3843 1186 3927 plut.
1214 3843 1258 3906 45
1296 3843 1364 3908 cod.
1394 3844 1445 3927 14,

172 3950 319 4015 Parisino
341 3951 436 4033 7960,
460 3949 608 4022 Leidensi
624 3949 688 4014 135
712 3949 904 4034 (Burmanni
920 3946 964 4034 G)
989 3953 1144 4014 servatae.
1182 3948 1268 4013 idem
1292 3948 1446 4034 Hagenus

171 4057 311 4121 indicum
337 4056 584 4138 confectionem,
608 4079 676 4120 rem
701 4057 977 4140 operosissimam,
1001 4056 1151 4140 suscepit.

261 4163 308 4227 De
331 4164 436 4246 libris,
461 4163 576 4248 quibus
600 4167 634 4227 in
656 4164 759 4246 ipsius
780 4163 883 4228 Servii
902 4163 1135 4227 commentario
1155 4163 1349 4227 recensendo
1369 4185 1445 4227 usus

174 4292 260 4354 sum,
293 4272 325 4334 in
352 4272 448 4354 primi
477 4271 651 4335 voluminis
680 4270 881 4354 praefatione
905 4269 984 4333 dixi:
1021 4269 1059 4332 de
1083 4269 1272 4333 Bernensi
1295 4269 1360 4334 363
1385 4269 1446 4354 (Β)

171 4400 202 4461 p.
231 4394 424 4463 nxxvnsq,
462 4378 500 4442 de
528 4375 901 4455 Caroliruhensibus
933 4376 995 4441 186
1019 4378 1052 4439 et
1077 4375 1139 4439 116
1168 4373 1229 4462 (Α)
1256 4397 1287 4457 p.
1311 4393 1446 4441 Lxxvm

173 4487 206 4548 et
229 4502 338 4568 cxxx,
375 4484 413 4547 de
446 4483 624 4548 Parisino
660 4484 745 4547 7959
780 4481 840 4570 (P)
873 4506 903 4566 p.
928 4500 1157 4565 nxxxvnrsq,
1195 4482 1233 4545 de
1257 4480 1446 4547 Hambur-

173 4592 284 4675 gensi
316 4589 385 4676 (H)
418 4615 448 4675 p.
476 4609 660 4674 Lxxxrsq,
698 4590 736 4654 de
768 4589 991 4655 Monacensi
1024 4589 1111 4653 6394
1143 4585 1217 4674 (Μ)
1250 4611 1279 4671 p.
1303 4607 1448 4654 cxxxnu

172 4697 252 4761 item
278 4720 359 4781 quae
383 4699 467 4762 ratio
492 4698 577 4760 inter
600 4698 702 4762 libros
726 4697 758 4761 in
783 4697 921 4762 Francia
944 4700 1094 4760 exaratos
1119 4692 1223 4781 (PH)
1248 4699 1281 4759 et
1305 4718 1368 4779 eos,
1393 4697 1448 4779 qui

174 4804 373 4870 Scoticorum
409 4803 642 4868 monachorum
676 4803 843 4869 sedulitati
876 4803 984 4867 deberi
1017 4801 1164 4867 videntur
1197 4798 1326 4888 (ΒΜ),
1348 4804 1446 4866 inter·

867 4930 869 4936 .
1218 4907 1255 4960 a*
