3344 5430
257 294 322 359 222
832 293 954 349 SENVN

345 459 398 523 44.
421 474 518 522 Palm
542 474 633 522 LEGE
658 475 799 523 LLEOEIN
819 475 916 524 ounn
941 457 1041 543 ‘lege'
1059 462 1208 524 nauticus
1228 482 1347 545 sermo,
1370 459 1428 544 qui
1447 482 1541 525 nunc

258 568 291 631 et
315 565 355 629 ad
378 565 543 649 navigium
567 568 599 627 et
622 564 661 628 ad
684 564 857 630 lectionem
881 570 990 649 potest
1012 565 1141 651 referri,
1173 567 1333 631 namhoc
1356 567 1449 632 dicit:
1482 566 1537 631 fa-

256 675 331 736 veto
356 671 514 755 principio
539 671 591 736 vel
614 672 792 736 humilitati
816 673 967 737 carminis
991 674 1063 737 mei.

344 777 397 842 45.
433 797 470 842 1N
499 795 651 844 NANIBvs
681 797 818 843 Tuscana
846 780 880 843 in
906 779 1009 862 facili,
1042 780 1075 844 in
1103 785 1257 865 promptu
1286 785 1336 846 est
1367 786 1539 845 terrarum

221 902 237 950 5
257 884 443 968 descriptio:
468 886 553 970 quod
578 884 694 950 Graeci
717 888 894 971 πρόχειρον
918 887 1036 952 dicunt.
1120 905 1193 953 NON
1217 905 1276 952 inc
1301 908 1346 953 TE
1371 906 1535 954 CARMINE

256 1009 362 1056 Nicro
391 1008 510 1069 NEQVE
539 1012 567 1057 P.
591 1009 623 1056 n.
645 1010 689 1056 Eu
714 1009 745 1057 L.
769 1010 800 1057 E.
825 1011 855 1056 Τ.
879 992 912 1056 id
936 998 986 1056 est
1014 993 1205 1078 simpliciter
1233 996 1382 1060 universa
1412 995 1537 1061 descri-

256 1099 331 1163 bam
355 1121 423 1182 nec,
447 1103 483 1163 ut
506 1100 540 1162 in
555 1099 710 1183 Aeneide,
734 1099 897 1183 aliquibus
920 1100 1082 1184 figmentis
1107 1103 1164 1165 aut
1185 1102 1262 1165 ullis
1286 1106 1360 1165 utar
1383 1102 1537 1187 ambagi-

255 1206 326 1271 bus.
373 1205 504 1290 ‘longa'
528 1209 637 1279 autem
662 1205 808 1271 ‘exorsa’
836 1206 914 1272 dicit
942 1208 1107 1291 prooemia
1135 1194 1231 1294 longe
1260 1209 1415 1293 repetita,
1449 1231 1536 1293 qnae

256 1316 385 1377 constat
408 1335 479 1377 esse
503 1313 628 1378 vitiosa.
715 1288 739 1341 ⁸

207 1437 237 1485 ιο
345 1419 398 1484 47.
435 1437 571 1485 SPONEE
595 1437 661 1485 svn
685 1438 776 1498 QVAE
801 1439 840 1487 SE
865 1441 895 1488 Τ.
918 1441 939 1488 1.
962 1441 993 1488 L.
1017 1441 1048 1487 A.
1072 1423 1112 1487 ad
1135 1422 1227 1505 illud,
1256 1424 1342 1507 quod
1366 1422 1535 1505 omiserat,

202 1610 207 1619 υ
256 1526 339 1589 redit
364 1531 396 1589 et
419 1526 605 1610 exsequitur
628 1527 817 1611 qualitatem
841 1529 939 1593 trium
960 1552 1127 1616 generum,
1151 1551 1232 1614 quae
1253 1551 1351 1614 supra
1370 1553 1531 1594 memora-

256 1636 361 1716 verat,
385 1633 538 1698 arborum
563 1633 686 1699 scilicet
709 1638 823 1717 sponte
847 1640 1011 1718 natarum,
1034 1639 1277 1720 procreatarum
1296 1659 1334 1700 ex
1355 1637 1478 1701 semine
1499 1641 1534 1700 et

256 1761 379 1825 earum,
404 1763 484 1825 quae
508 1742 547 1805 de
569 1741 731 1806 radicibus
754 1742 927 1826 pullulant.

344 1847 397 1912 48.
433 1864 635 1912 1NNEOVNDA
659 1866 794 1925 qunnn
817 1849 925 1914 fructu
949 1851 1100 1914 carentia.
1124 1853 1157 1914 et
1180 1873 1236 1933 per
1251 1852 1435 1916 transitum
1458 1874 1531 1915 rem

205 1973 236 2020 15
256 1954 425 2038 physicam
454 1955 579 2039 tetigit:
617 1978 692 2020 nam
720 1942 829 2020 semen
857 1979 946 2021 osum
976 1957 1082 2022 salicis
1111 1958 1229 2023 dicitur
1259 1958 1528 2022 infecunditatem

256 2061 445 2127 mulieribus
465 2061 608 2147 gignere,
632 2066 664 2125 et
684 2084 782 2147 supra
801 2063 847 2126 ait
863 2063 949 2145 <13>
965 2068 1002 2127 et
1026 2065 1164 2148 glauca
1187 2065 1369 2130 canentia
1391 2063 1530 2129 fronde

256 2168 410 2233 salicta.
498 2187 614 2233 LAETA
639 2188 683 2233 Eu
707 2188 833 2236 EORr1n
858 2172 951 2254 quasi
975 2172 1093 2236 hocin
1118 2172 1198 2257 ipsis
1223 2194 1325 2258 genus
1349 2175 1399 2236 est
1420 2171 1530 2235 fecun-

256 2274 376 2341 ditatis.

344 2383 396 2447 49.
429 2402 555 2461 QVIPPE
580 2401 669 2449 soLo
694 2403 836 2448 Nnrvan
861 2401 986 2450 svnEsn
1011 2388 1099 2471 quia,
1118 2391 1154 2450 ut
1173 2384 1530 2470 supra<ll>diximus,

203 2508 236 2556 20
255 2490 448 2554 naturaliter
471 2512 579 2554 rerum
604 2491 746 2555 omnium
771 2495 876 2556 mater
900 2496 949 2556 est
968 2496 1055 2557 terra
1074 2497 1107 2556 et
1125 2493 1277 2557 universa
1296 2492 1383 2555 intra
1401 2514 1435 2556 se
1454 2514 1529 2557 con·

257 2597 340 2660 tinet
368 2597 502 2661 semina:
537 2597 612 2661 hinc
640 2602 689 2661 est
718 2596 854 2682 ‘quippe
882 2598 952 2662 solo
980 2604 1096 2663 natura
1124 2597 1261 2663 subest’.
1306 2620 1383 2664 nam
1409 2603 1530 2663 natura

255 2703 341 2768 dicta
364 2708 415 2768 est
439 2705 480 2768 ab
504 2726 555 2787 eo,
579 2704 663 2789 quod
687 2705 776 2769 nasci
800 2705 921 2788 aliquid
945 2705 1053 2770 faciat.
1081 2706 1162 2770 mire
1186 2710 1295 2770 autem
1318 2706 1365 2770 ait
1384 2704 1529 2790 ‘subest',

254 2809 288 2873 id
311 2814 361 2874 est
384 2811 470 2875 inest
493 2811 644 2894 latenter,
671 2834 745 2876 nam
770 2834 835 2876 non
858 2817 1006 2895 apparet:
1029 2814 1113 2877 unde
1131 2813 1283 2897 Epicurei
1309 2813 1420 2878 dicunt
1442 2813 1529 2876 nihil

255 2939 339 3000 esse,
372 2917 456 3001 quod
489 2940 554 2981 non
581 2918 702 2982 habeat
730 2917 888 3001 originem
913 2919 976 3003 sui,
998 2941 1076 2983 nam
1099 2919 1161 2984 hoc
1185 2925 1236 2985 est
1263 2920 1373 3005 gigni
1401 2920 1444 2984 de
1471 2921 1529 2985 ni·
1572 2992 1576 3002 ¹

201 3042 235 3091 25
255 3023 338 3088 hilo
362 3024 540 3089 nihilum:
565 3025 603 3088 in
626 3023 792 3088 nihilum
815 3024 871 3087 nil
895 3026 1184 3107 possereverti.

344 3130 396 3196 50.
433 3147 622 3196 scnossssvs
646 3154 705 3195 nos
730 3130 892 3195 ‘scrobes’
922 3154 1039 3217 genere
1063 3132 1199 3197 dicimus
1223 3133 1417 3217 masculino,
1448 3134 1529 3199 >licet

255 3235 405 3302 Lucanus
430 3238 547 3302 dixerit
567 3242 680 3303 contra
699 3244 802 3303 artem
827 3237 929 3321 <VIII
951 3239 1036 3324 756>
1062 3241 1203 3326 exigua
1225 3242 1357 3324 posuit
1381 3242 1529 3306 scrobe.

344 3344 396 3409 51.
434 3362 650 3410 SILVESENEN
681 3365 821 3412 ANINNN
858 3347 1040 3411 naturalem
1074 3348 1282 3433 asperitatem
1315 3351 1348 3412 et
1384 3347 1528 3413 infecun-

256 3452 401 3516 ditatem.
534 3440 538 3446 ²

201 3579 235 3625 30
343 3559 395 3624 52.
432 3575 543 3625 vocEs
568 3578 676 3625 AREES
700 3560 914 3625 fecunditates
939 3583 976 3624 ex
1001 3565 1070 3625 arte
1094 3563 1268 3627 venientes.

254 3687 466 3694 ...ζ-..-

346 3742 377 3788 15
396 3751 463 3788 nam
481 3751 577 3789 semen
595 3735 689 3791 salicis
700 3778 706 3790 .
718 3779 724 3791 .
736 3780 741 3791 .
752 3735 880 3806 gignere]
900 3734 933 3789 cf.
954 3736 1019 3791 Isid.
1039 3755 1077 3793 or.
1092 3737 1169 3791 XVll
1187 3740 1323 3807 ’1,411121
1344 3753 1409 3790 nam
1427 3739 1530 3793 natura

261 3807 412 3878 ...faciat]
432 3823 517 3876 exscr.
537 3806 602 3862 Isid.
623 3825 661 3862 or.
680 3806 718 3860 XI
739 3813 792 3875 1‚1
817 3809 826 3877 ΙΙ
849 3813 884 3860 24
902 3808 994 3879 gigni]
1014 3811 1048 3864 cf.
1068 3809 1146 3864 Lucr.
1166 3809 1177 3860 l
1199 3813 1249 3863 150
1269 3812 1298 3863 et
1316 3814 1367 3864 237
1390 3812 1400 3878 ]
1423 3815 1457 3863 26
1477 3828 1528 3864 nos

256 3880 367 3934 scrobes
381 3922 386 3934 .
398 3922 404 3934 .
416 3922 422 3934 .
434 3879 542 3949 scrobe]
563 3877 596 3933 cf.
617 3895 715 3933 comm.
735 3879 800 3932 Luc.
819 3878 880 3932 Vlll
901 3885 951 3933 '156

255 4042 329 4095 libri.
366 4040 400 4106 cf.
421 4040 533 4095 Laetos.
553 4041 570 4093 l.
590 4040 606 4093 l.
622 4040 660 4108 ]2
681 4038 871 4107 navigandum
889 4041 969 4108 culpo
983 4042 1022 4109 ]6
1041 4058 1173 4110 proxmon
1191 4042 1257 4094 ΛΗ
1285 4060 1401 4111 ροχιΤοη
1422 4044 1449 4095 Ρ
1480 4064 1528 4097 no·

255 4131 337 4165 xrron
361 4111 386 4164 V
420 4129 555 4165 nroxrron
575 4111 611 4164 M
628 4111 657 4178 (i.
672 4128 695 4165 e.
714 4113 850 4178 terrarum
870 4111 1022 4178 descriptio
1040 4128 1114 4179 supr.
1134 4129 1200 4167 cers.
1219 4118 1255 4181 m)
1274 4114 1283 4182 ΙΙ
1304 4121 1320 4169 8
1339 4113 1482 4182 prooemia
1501 4116 1529 4169 A

254 4181 400 4252 prohemia
417 4182 445 4235 P
479 4183 605 4251 praemia
629 4183 654 4235 V
684 4181 809 4251 proemia
827 4183 920 4236 HMu
933 4183 942 4250 ΙΙ
960 4183 1044 4252 longo
1064 4184 1098 4237 H
1108 4186 1117 4252 ΙΙ
1133 4190 1165 4237 10
1184 4205 1208 4238 L.
1227 4202 1276 4239 orn.
1296 4186 1331 4239 Η
1340 4186 1349 4255 l]
1365 4192 1397 4239 11
1417 4187 1529 4254 exequi·

254 4257 301 4306 tur
325 4254 371 4322 V]
385 4271 468 4322 super
489 4255 537 4322 P]
553 4259 586 4306 14
604 4252 718 4323 ovinam]
738 4252 787 4306 sed
806 4255 869 4308 add.
895 4254 920 4305 V
932 4256 940 4323 Η
956 4259 988 4306 15
1009 4272 1086 4308 csnm
1105 4273 1155 4309 om.
1181 4256 1207 4309 V
1228 4273 1322 4310 semen
1340 4256 1432 4311 salicis
1452 4276 1529 4312 esum

254 4327 335 4394 culpo
349 4327 358 4396 ΙΙ
374 4331 405 4379 17
424 4326 451 4378 in
472 4325 553 4395 ipsis]
573 4326 716 4380 arboribus
736 4325 851 4379 additur
869 4326 972 4396 culpo]
987 4332 1019 4378 21
1040 4325 1100 4380 sola
1119 4327 1210 4396 HM]
1224 4329 1319 4382 subest
1337 4345 1403 4382 uam
1421 4345 1471 4383 om.
1488 4329 1530 4401 V]

255 4403 289 4450 22
309 4399 353 4450 est
371 4413 421 4450 om.
448 4397 493 4464 V]
507 4400 540 4448 21
560 4395 679 4451 nihilum
698 4395 803 4449 APV:
821 4396 941 4449 nilulum
959 4397 995 4450 H
1026 4398 1098 4450 nihil
1116 4398 1172 4466 M]
1190 4399 1219 4453 in
1237 4399 1354 4453 nihilum
1373 4418 1422 4455 om.
1445 4401 1507 4454 PH
1526 4404 1530 4472 ]

254 4470 319 4536 post
338 4484 367 4521 se
386 4470 412 4520 A
432 4470 525 4536 (posse
544 4469 572 4535 a)
594 4465 736 4538 urescrti]
755 4486 823 4521 nnnc
843 4486 948 4527 ovoova
967 4486 1053 4527 siovrs
1072 4467 1204 4523 videlicet
1220 4470 1389 4525 infoecunda
1407 4471 1456 4526 sed
1474 4471 1530 4526 for·

254 4537 303 4594 tia.
334 4556 443 4593 russam
462 4539 486 4592 si
505 4539 567 4605 quis
586 4540 626 4593 eis
644 4540 851 4592 fructiferarum
870 4540 1000 4594 arborum
1020 4540 1145 4595 surculos
1163 4541 1267 4596 inserat
1285 4544 1349 4598 add.
1369 4542 1456 4605 Febr.
1471 4543 1480 4611 l]
1494 4549 1528 4598 2‘1

255 4610 364 4681 scrobe]
393 4611 461 4664 duas
484 4610 579 4663 autem
603 4611 649 4665 hic
667 4629 711 4664 res
731 4610 812 4677 dicit,
836 4610 969 4666 videlicet
988 4614 1020 4665 nt
1039 4615 1089 4666 aut
1106 4611 1264 4667 inserantur
1282 4613 1466 4669 infoecundus
1486 4631 1530 4669 ar-

255 4682 337 4737 bores
355 4681 500 4736 foecundis
519 4683 548 4735 et
565 4681 725 4750 fructiferis,
745 4683 794 4735 aut
812 4686 886 4735 certe
906 4685 1050 4737 mutentur
1068 4684 1102 4737 de
1122 4685 1177 4736 suis
1196 4684 1265 4739 locis
1284 4689 1313 4740 et
1326 4685 1528 4753 fossisimmit-

254 4756 361 4810 tantur:
381 4756 531 4821 utrumque
550 4753 624 4807 enim
643 4754 682 4808 eis
701 4751 951 4809 infoecunditatem
970 4757 1061 4810 aufert
1079 4757 1143 4811 add.
1164 4755 1251 4812 Febr.
