<?xml version="1.0" encoding="UTF-8"?>
<!DOCTYPE html PUBLIC "-//W3C//DTD XHTML 1.0 Transitional//EN"
    "http://www.w3.org/TR/xhtml1/DTD/xhtml1-transitional.dtd">
<html xmlns="http://www.w3.org/1999/xhtml" xml:lang="en" lang="en">
 <head>
  <title>
</title>
<meta http-equiv="Content-Type" content="text/html;charset=utf-8" />
  <meta name='ocr-system' content='tesseract 3.04.00' />
  <meta name='ocr-capabilities' content='ocr_page ocr_carea ocr_par ocr_line ocrx_word'/>
</head>
<body>
  <div class='ocr_page' id='page_1' title='image "./serviigrammatic01thilgoog_0324.png"; bbox 0 0 3354 5430; ppageno 0'>
   <div class='ocr_carea' id='block_1_1' title="bbox 442 361 1410 427">
    <p class='ocr_par' dir='ltr' id='par_1_1' title="bbox 442 361 1410 427">
     <span class='ocr_line' id='line_1_1' title="bbox 442 361 1410 427; baseline 0.011 -10"><span class='ocrx_word' id='word_1_1' title='bbox 442 363 556 417; x_wconf 80' lang='lat' dir='ltr'>coum.</span> <span class='ocrx_word' id='word_1_2' title='bbox 575 361 615 417; x_wconf 82' lang='lat' dir='ltr'>IN</span> <span class='ocrx_word' id='word_1_3' title='bbox 634 361 742 417; x_wconf 74' lang='lat' dir='ltr'>vana.</span> <span class='ocrx_word' id='word_1_4' title='bbox 762 361 892 417; x_wconf 72' lang='lat' dir='ltr'>anuas.</span> <span class='ocrx_word' id='word_1_5' title='bbox 913 362 952 415; x_wconf 86' lang='lat'>111</span> <span class='ocrx_word' id='word_1_6' title='bbox 971 367 1119 418; x_wconf 77' lang='lat' dir='ltr'>aar-304.</span> <span class='ocrx_word' id='word_1_7' title='bbox 1344 364 1410 427; x_wconf 79' lang='lat'>299</span> 
     </span>
    </p>
   </div>
   <div class='ocr_carea' id='block_1_2' title="bbox 135 526 1470 3947">
    <p class='ocr_par' dir='ltr' id='par_1_2' title="bbox 135 526 1410 721">
     <span class='ocr_line' id='line_1_2' title="bbox 137 526 1410 617; baseline 0.001 -24"><span class='ocrx_word' id='word_1_8' title='bbox 137 526 298 593; x_wconf 76' lang='lat' dir='ltr'>scribendi</span> <span class='ocrx_word' id='word_1_9' title='bbox 322 549 413 592; x_wconf 89' lang='lat' dir='ltr'>amor</span> <span class='ocrx_word' id='word_1_10' title='bbox 437 528 524 612; x_wconf 81' lang='lat' dir='ltr'>rapit</span> <span class='ocrx_word' id='word_1_11' title='bbox 552 550 603 592; x_wconf 88' lang='lat' dir='ltr'>me</span> <span class='ocrx_word' id='word_1_12' title='bbox 627 527 666 592; x_wconf 86' lang='lat' dir='ltr'>ad</span> <span class='ocrx_word' id='word_1_13' title='bbox 690 549 771 612; x_wconf 91' lang='lat' dir='ltr'>opus</span> <span class='ocrx_word' id='word_1_14' title='bbox 796 526 931 591; x_wconf 89' lang='lat' dir='ltr'>arduum</span> <span class='ocrx_word' id='word_1_15' title='bbox 957 530 990 591; x_wconf 87' lang='lat' dir='ltr'>et</span> <span class='ocrx_word' id='word_1_16' title='bbox 1014 527 1146 592; x_wconf 90' lang='lat' dir='ltr'>anullo</span> <span class='ocrx_word' id='word_1_17' title='bbox 1171 531 1247 593; x_wconf 87' lang='lat' dir='ltr'>ante</span> <span class='ocrx_word' id='word_1_18' title='bbox 1271 530 1410 617; x_wconf 82' lang='lat' dir='ltr'>descrip-</span> 
     </span>
     <span class='ocr_line' id='line_1_3' title="bbox 135 634 1250 721; baseline -0.001 -21"><span class='ocrx_word' id='word_1_19' title='bbox 135 638 221 700; x_wconf 91' lang='lat' dir='ltr'>tum:</span> <span class='ocrx_word' id='word_1_20' title='bbox 245 635 331 719; x_wconf 91' lang='lat' dir='ltr'>quod</span> <span class='ocrx_word' id='word_1_21' title='bbox 355 656 412 720; x_wconf 94' lang='lat' dir='ltr'>per</span> <span class='ocrx_word' id='word_1_22' title='bbox 435 635 639 721; x_wconf 83' lang='lat' dir='ltr'>periphrasin</span> <span class='ocrx_word' id='word_1_23' title='bbox 663 639 695 700; x_wconf 86' lang='lat' dir='ltr'>et</span> <span class='ocrx_word' id='word_1_24' title='bbox 719 634 911 720; x_wconf 85' lang='lat' dir='ltr'>allegoriam</span> <span class='ocrx_word' id='word_1_25' title='bbox 936 634 1097 719; x_wconf 87' lang='lat' dir='ltr'>poetieam</span> <span class='ocrx_word' id='word_1_26' title='bbox 1121 634 1250 700; x_wconf 82' lang='lat' dir='ltr'>indicat.</span> 
     </span>
    </p>

    <p class='ocr_par' dir='ltr' id='par_1_3' title="bbox 136 742 1445 1150">
     <span class='ocr_line' id='line_1_4' title="bbox 226 742 1410 828; baseline 0.003 -21"><span class='ocrx_word' id='word_1_27' title='bbox 226 742 300 808; x_wconf 79' lang='lat'><strong>292.</strong></span> <span class='ocrx_word' id='word_1_28' title='bbox 337 759 430 808; x_wconf 85' lang='lat' dir='ltr'>1ve1s</span> <span class='ocrx_word' id='word_1_29' title='bbox 454 764 511 828; x_wconf 88' lang='lat' dir='ltr'>par</span> <span class='ocrx_word' id='word_1_30' title='bbox 533 743 620 828; x_wconf 85' lang='lat' dir='ltr'>iuga.</span> <span class='ocrx_word' id='word_1_31' title='bbox 732 760 803 820; x_wconf 74' lang='lat' dir='ltr'>ova</span> <span class='ocrx_word' id='word_1_32' title='bbox 831 760 949 807; x_wconf 75' lang='lat' dir='ltr'>avana</span> <span class='ocrx_word' id='word_1_33' title='bbox 978 759 1134 808; x_wconf 77' lang='lat' dir='ltr'>auronum</span> <span class='ocrx_word' id='word_1_34' title='bbox 1159 759 1187 807; x_wconf 89' lang='lat' dir='ltr'>e.</span> <span class='ocrx_word' id='word_1_35' title='bbox 1211 761 1244 808; x_wconf 86' lang='lat' dir='ltr'>n.</span> <span class='ocrx_word' id='word_1_36' title='bbox 1269 762 1301 811; x_wconf 85' lang='lat' dir='ltr'>n.</span> <span class='ocrx_word' id='word_1_37' title='bbox 1326 762 1356 810; x_wconf 92' lang='lat' dir='ltr'>o.</span> <span class='ocrx_word' id='word_1_38' title='bbox 1381 761 1410 810; x_wconf 87' lang='lat' dir='ltr'>c.</span> 
     </span>
     <span class='ocr_line' id='line_1_5' title="bbox 136 848 1410 936; baseline -0.001 -21"><span class='ocrx_word' id='word_1_39' title='bbox 136 851 274 936; x_wconf 86' lang='lat' dir='ltr'>dispono</span> <span class='ocrx_word' id='word_1_40' title='bbox 302 848 349 914; x_wconf 88' lang='lat' dir='ltr'>ire</span> <span class='ocrx_word' id='word_1_41' title='bbox 374 850 414 914; x_wconf 89' lang='lat' dir='ltr'>ad</span> <span class='ocrx_word' id='word_1_42' title='bbox 436 849 559 914; x_wconf 86' lang='lat' dir='ltr'>fontem</span> <span class='ocrx_word' id='word_1_43' title='bbox 584 848 764 916; x_wconf 80' lang='lat' dir='ltr'>Castalium</span> <span class='ocrx_word' id='word_1_44' title='bbox 788 872 845 936; x_wconf 90' lang='lat' dir='ltr'>per</span> <span class='ocrx_word' id='word_1_45' title='bbox 869 872 940 914; x_wconf 90' lang='lat' dir='ltr'>eam</span> <span class='ocrx_word' id='word_1_46' title='bbox 965 849 1066 932; x_wconf 88' lang='lat' dir='ltr'>viam,</span> <span class='ocrx_word' id='word_1_47' title='bbox 1100 872 1158 934; x_wconf 89' lang='lat' dir='ltr'>per</span> <span class='ocrx_word' id='word_1_48' title='bbox 1182 873 1277 934; x_wconf 88' lang='lat' dir='ltr'>quam</span> <span class='ocrx_word' id='word_1_49' title='bbox 1301 850 1410 915; x_wconf 91' lang='lat' dir='ltr'>nullus</span> 
     </span>
     <span class='ocr_line' id='line_1_6' title="bbox 138 956 1445 1045; baseline 0.001 -22"><span class='ocrx_word' id='word_1_50' title='bbox 138 962 213 1023; x_wconf 87' lang='lat' dir='ltr'>ante</span> <span class='ocrx_word' id='word_1_51' title='bbox 237 958 306 1045; x_wconf 83' lang='lat' dir='ltr'>egit</span> <span class='ocrx_word' id='word_1_52' title='bbox 329 958 469 1022; x_wconf 90' lang='lat' dir='ltr'>orbitam</span> <span class='ocrx_word' id='word_1_53' title='bbox 494 979 594 1021; x_wconf 89' lang='lat' dir='ltr'>suam.</span> <span class='ocrx_word' id='word_1_54' title='bbox 628 957 707 1022; x_wconf 94' lang='lat' dir='ltr'>ordo</span> <span class='ocrx_word' id='word_1_55' title='bbox 732 960 841 1022; x_wconf 90' lang='lat' dir='ltr'>autem</span> <span class='ocrx_word' id='word_1_56' title='bbox 865 960 915 1021; x_wconf 90' lang='lat' dir='ltr'>est</span> <span class='ocrx_word' id='word_1_57' title='bbox 934 956 1010 1041; x_wconf 74' lang='lat' dir='ltr'>‘qua</span> <span class='ocrx_word' id='word_1_58' title='bbox 1028 956 1120 1021; x_wconf 90' lang='lat' dir='ltr'>nulla</span> <span class='ocrx_word' id='word_1_59' title='bbox 1138 957 1284 1042; x_wconf 90' lang='lat' dir='ltr'>priorum</span> <span class='ocrx_word' id='word_1_60' title='bbox 1304 957 1445 1024; x_wconf 77' lang='lat' dir='ltr'>orbitas</span> 
     </span>
     <span class='ocr_line' id='line_1_7' title="bbox 138 1062 946 1150; baseline -0.002 -20"><span class='ocrx_word' id='word_1_61' title='bbox 138 1064 344 1150; x_wconf 83' lang='lat' dir='ltr'>Castaliam&#39;,</span> <span class='ocrx_word' id='word_1_62' title='bbox 366 1066 482 1146; x_wconf 83' lang='lat' dir='ltr'>fontem</span> <span class='ocrx_word' id='word_1_63' title='bbox 505 1064 710 1148; x_wconf 74' lang='lat' dir='ltr'>Delphorum,</span> <span class='ocrx_word' id='word_1_64' title='bbox 735 1062 946 1129; x_wconf 79' lang='lat' dir='ltr'>‘devertitur&#39;.</span> 
     </span>
    </p>

    <p class='ocr_par' dir='ltr' id='par_1_4' title="bbox 138 1171 1411 1363">
     <span class='ocr_line' id='line_1_8' title="bbox 227 1171 1411 1238; baseline 0 0"><span class='ocrx_word' id='word_1_65' title='bbox 227 1173 300 1238; x_wconf 82' lang='lat'><strong>293.</strong></span> <span class='ocrx_word' id='word_1_66' title='bbox 337 1189 449 1238; x_wconf 73' lang='lat' dir='ltr'>nonar</span> <span class='ocrx_word' id='word_1_67' title='bbox 480 1173 648 1238; x_wconf 72' lang='lat' dir='ltr'>calvo-id</span> <span class='ocrx_word' id='word_1_68' title='bbox 681 1176 731 1237; x_wconf 88' lang='lat' dir='ltr'>est</span> <span class='ocrx_word' id='word_1_69' title='bbox 759 1172 850 1237; x_wconf 86' lang='lat' dir='ltr'>facili</span> <span class='ocrx_word' id='word_1_70' title='bbox 879 1171 995 1236; x_wconf 91' lang='lat' dir='ltr'>itinere</span> <span class='ocrx_word' id='word_1_71' title='bbox 1025 1176 1058 1237; x_wconf 91' lang='lat' dir='ltr'>et</span> <span class='ocrx_word' id='word_1_72' title='bbox 1088 1172 1303 1238; x_wconf 79' lang='lat' dir='ltr'>descensione.</span> <span class='ocrx_word' id='word_1_73' title='bbox 1357 1172 1411 1238; x_wconf 86' lang='lat' dir='ltr'>hio</span> 
     </span>
     <span class='ocr_line' id='line_1_9' title="bbox 138 1279 1171 1363; baseline -0.001 -18"><span class='ocrx_word' id='word_1_74' title='bbox 138 1284 248 1346; x_wconf 85' lang='lat' dir='ltr'>autem</span> <span class='ocrx_word' id='word_1_75' title='bbox 271 1280 362 1345; x_wconf 87' lang='lat' dir='ltr'>loeus</span> <span class='ocrx_word' id='word_1_76' title='bbox 385 1282 475 1344; x_wconf 88' lang='lat' dir='ltr'>totus</span> <span class='ocrx_word' id='word_1_77' title='bbox 499 1280 538 1343; x_wconf 91' lang='lat' dir='ltr'>de</span> <span class='ocrx_word' id='word_1_78' title='bbox 561 1279 712 1344; x_wconf 81' lang='lat' dir='ltr'>Lucretio</span> <span class='ocrx_word' id='word_1_79' title='bbox 736 1279 773 1362; x_wconf 86' lang='lat' dir='ltr'>&lt;l</span> <span class='ocrx_word' id='word_1_80' title='bbox 797 1279 883 1363; x_wconf 80' lang='lat'>922&gt;</span> <span class='ocrx_word' id='word_1_81' title='bbox 908 1280 1088 1344; x_wconf 88' lang='lat' dir='ltr'>translatus</span> <span class='ocrx_word' id='word_1_82' title='bbox 1113 1283 1171 1345; x_wconf 89' lang='lat' dir='ltr'>est.</span> 
     </span>
    </p>

    <p class='ocr_par' dir='ltr' id='par_1_5' title="bbox 136 1387 1464 1796">
     <span class='ocr_line' id='line_1_10' title="bbox 226 1387 1411 1472; baseline 0 -20"><span class='ocrx_word' id='word_1_83' title='bbox 226 1388 300 1453; x_wconf 82' lang='lat'>294.</span> <span class='ocrx_word' id='word_1_84' title='bbox 337 1404 431 1452; x_wconf 73' lang='lat' dir='ltr'>nvnc</span> <span class='ocrx_word' id='word_1_85' title='bbox 469 1404 683 1452; x_wconf 73' lang='lat' dir='ltr'>vnuanauna</span> <span class='ocrx_word' id='word_1_86' title='bbox 719 1404 828 1452; x_wconf 75' lang='lat' dir='ltr'>ranas</span> <span class='ocrx_word' id='word_1_87' title='bbox 866 1387 925 1451; x_wconf 87' lang='lat' dir='ltr'>dea</span> <span class='ocrx_word' id='word_1_88' title='bbox 962 1387 1073 1472; x_wconf 84' lang='lat' dir='ltr'>pabuli</span> <span class='ocrx_word' id='word_1_89' title='bbox 1110 1387 1290 1452; x_wconf 79' lang='lat' dir='ltr'>invocanda</span> <span class='ocrx_word' id='word_1_90' title='bbox 1326 1409 1411 1453; x_wconf 88' lang='lat' dir='ltr'>nuno</span> 
     </span>
     <span class='ocr_line' id='line_1_11' title="bbox 136 1495 1464 1562; baseline 0.001 -2"><span class='ocrx_word' id='word_1_91' title='bbox 136 1495 285 1560; x_wconf 84' lang='lat' dir='ltr'>maxime.</span> <span class='ocrx_word' id='word_1_92' title='bbox 1432 1512 1464 1562; x_wconf 90' lang='lat'>10</span> 
     </span>
     <span class='ocr_line' id='line_1_12' title="bbox 225 1601 1411 1688; baseline -0.003 -20"><span class='ocrx_word' id='word_1_93' title='bbox 225 1602 299 1668; x_wconf 80' lang='lat'><strong>295.</strong></span> <span class='ocrx_word' id='word_1_94' title='bbox 337 1620 503 1668; x_wconf 79' lang='lat' dir='ltr'>STAvas</span> <span class='ocrx_word' id='word_1_95' title='bbox 526 1620 703 1669; x_wconf 75' lang='lat' dir='ltr'>nonnravs</span> <span class='ocrx_word' id='word_1_96' title='bbox 722 1603 985 1669; x_wconf 81' lang='lat' dir='ltr'>clementioribus</span> <span class='ocrx_word' id='word_1_97' title='bbox 1006 1605 1038 1666; x_wconf 92' lang='lat' dir='ltr'>et</span> <span class='ocrx_word' id='word_1_98' title='bbox 1057 1601 1140 1666; x_wconf 91' lang='lat' dir='ltr'>aeris</span> <span class='ocrx_word' id='word_1_99' title='bbox 1160 1601 1341 1688; x_wconf 84' lang='lat' dir='ltr'>temperati,</span> <span class='ocrx_word' id='word_1_100' title='bbox 1361 1601 1411 1665; x_wconf 89' lang='lat' dir='ltr'>vel</span> 
     </span>
     <span class='ocr_line' id='line_1_13' title="bbox 137 1709 1411 1796; baseline -0.002 -20"><span class='ocrx_word' id='word_1_101' title='bbox 137 1713 270 1796; x_wconf 89' lang='lat' dir='ltr'>propter</span> <span class='ocrx_word' id='word_1_102' title='bbox 297 1711 429 1795; x_wconf 84' lang='lat' dir='ltr'>plagam</span> <span class='ocrx_word' id='word_1_103' title='bbox 454 1711 645 1794; x_wconf 88' lang='lat' dir='ltr'>australem,</span> <span class='ocrx_word' id='word_1_104' title='bbox 677 1711 729 1775; x_wconf 88' lang='lat' dir='ltr'>vel</span> <span class='ocrx_word' id='word_1_105' title='bbox 752 1713 886 1796; x_wconf 89' lang='lat' dir='ltr'>propter</span> <span class='ocrx_word' id='word_1_106' title='bbox 910 1710 1097 1793; x_wconf 79' lang='lat' dir='ltr'>subpositas</span> <span class='ocrx_word' id='word_1_107' title='bbox 1120 1709 1240 1774; x_wconf 90' lang='lat' dir='ltr'>herbas</span> <span class='ocrx_word' id='word_1_108' title='bbox 1265 1709 1411 1774; x_wconf 89' lang='lat' dir='ltr'>animali·</span> 
     </span>
    </p>

    <p class='ocr_par' dir='ltr' id='par_1_6' title="bbox 137 1815 1269 1900">
     <span class='ocr_line' id='line_1_14' title="bbox 137 1815 1269 1900; baseline -0.003 -15"><span class='ocrx_word' id='word_1_109' title='bbox 137 1821 207 1885; x_wconf 89' lang='lat' dir='ltr'>bus.</span> <span class='ocrx_word' id='word_1_110' title='bbox 298 1841 336 1882; x_wconf 80' lang='lat' dir='ltr'>ru</span> <span class='ocrx_word' id='word_1_111' title='bbox 356 1840 518 1882; x_wconf 78' lang='lat' dir='ltr'>norrrars</span> <span class='ocrx_word' id='word_1_112' title='bbox 538 1839 621 1883; x_wconf 81' lang='lat' dir='ltr'>auae</span> <span class='ocrx_word' id='word_1_113' title='bbox 644 1819 765 1900; x_wconf 79' lang='lat' dir='ltr'>tepidis,</span> <span class='ocrx_word' id='word_1_114' title='bbox 788 1822 824 1882; x_wconf 82' lang='lat' dir='ltr'>ut</span> <span class='ocrx_word' id='word_1_115' title='bbox 845 1818 976 1883; x_wconf 79' lang='lat' dir='ltr'>dirimas</span> <span class='ocrx_word' id='word_1_116' title='bbox 998 1815 1110 1882; x_wconf 74' lang='lat' dir='ltr'>‘mollis</span> <span class='ocrx_word' id='word_1_117' title='bbox 1133 1816 1269 1899; x_wconf 77' lang='lat' dir='ltr'>laiemps’.</span> 
     </span>
    </p>

    <p class='ocr_par' dir='ltr' id='par_1_7' title="bbox 136 1922 1470 2438">
     <span class='ocr_line' id='line_1_15' title="bbox 227 1922 1412 2006; baseline -0.003 -14"><span class='ocrx_word' id='word_1_118' title='bbox 227 1927 300 1992; x_wconf 77' lang='lat'>296.</span> <span class='ocrx_word' id='word_1_119' title='bbox 337 1947 409 1989; x_wconf 76' lang='lat' dir='ltr'>aru</span> <span class='ocrx_word' id='word_1_120' title='bbox 428 1946 500 1990; x_wconf 82' lang='lat' dir='ltr'>nor</span> <span class='ocrx_word' id='word_1_121' title='bbox 521 1924 626 1991; x_wconf 79' lang='lat' dir='ltr'>Celsus</span> <span class='ocrx_word' id='word_1_122' title='bbox 649 1924 734 1989; x_wconf 74' lang='lat' dir='ltr'>‘dum</span> <span class='ocrx_word' id='word_1_123' title='bbox 757 1922 844 1988; x_wconf 78' lang='lat' dir='ltr'>moa&#39;</span> <span class='ocrx_word' id='word_1_124' title='bbox 862 1946 923 2006; x_wconf 77' lang='lat' dir='ltr'>pro</span> <span class='ocrx_word' id='word_1_125' title='bbox 948 1923 1061 1989; x_wconf 80' lang='lat' dir='ltr'>‘donec’</span> <span class='ocrx_word' id='word_1_126' title='bbox 1085 1925 1320 2006; x_wconf 63' lang='lat' dir='ltr'>interpretatam</span> <span class='ocrx_word' id='word_1_127' title='bbox 1352 1926 1412 2003; x_wconf 84' lang='lat' dir='ltr'>sed,</span> 
     </span>
     <span class='ocr_line' id='line_1_16' title="bbox 136 2031 1470 2118; baseline -0.001 -18"><span class='ocrx_word' id='word_1_128' title='bbox 136 2039 281 2118; x_wconf 79' lang='lat' dir='ltr'>utputo,</span> <span class='ocrx_word' id='word_1_129' title='bbox 305 2031 404 2097; x_wconf 74' lang='lat' dir='ltr'>‘anua&#39;</span> <span class='ocrx_word' id='word_1_130' title='bbox 418 2033 562 2097; x_wconf 79' lang='lat' dir='ltr'>abundat.</span> <span class='ocrx_word' id='word_1_131' title='bbox 631 2049 818 2097; x_wconf 78' lang='lat' dir='ltr'>unounosa</span> <span class='ocrx_word' id='word_1_132' title='bbox 843 2050 1043 2097; x_wconf 83' lang='lat' dir='ltr'>aanvcrrva</span> <span class='ocrx_word' id='word_1_133' title='bbox 1068 2049 1198 2096; x_wconf 73' lang='lat' dir='ltr'>assuas</span> <span class='ocrx_word' id='word_1_134' title='bbox 1224 2032 1325 2097; x_wconf 85' lang='lat' dir='ltr'>donee</span> <span class='ocrx_word' id='word_1_135' title='bbox 1348 2055 1415 2097; x_wconf 81' lang='lat' dir='ltr'>ver·</span> <span class='ocrx_word' id='word_1_136' title='bbox 1438 2050 1470 2099; x_wconf 86' lang='lat'>15</span> 
     </span>
     <span class='ocr_line' id='line_1_17' title="bbox 138 2139 1418 2224; baseline -0.004 -17"><span class='ocrx_word' id='word_1_137' title='bbox 138 2165 216 2208; x_wconf 89' lang='lat' dir='ltr'>num</span> <span class='ocrx_word' id='word_1_138' title='bbox 243 2145 370 2224; x_wconf 89' lang='lat' dir='ltr'>tempus</span> <span class='ocrx_word' id='word_1_139' title='bbox 395 2139 561 2205; x_wconf 90' lang='lat' dir='ltr'>adveniat:</span> <span class='ocrx_word' id='word_1_140' title='bbox 585 2162 675 2224; x_wconf 89' lang='lat' dir='ltr'>nam,</span> <span class='ocrx_word' id='word_1_141' title='bbox 700 2142 736 2203; x_wconf 90' lang='lat' dir='ltr'>ut</span> <span class='ocrx_word' id='word_1_142' title='bbox 760 2140 857 2203; x_wconf 87' lang='lat' dir='ltr'>etiam</span> <span class='ocrx_word' id='word_1_143' title='bbox 881 2141 914 2202; x_wconf 92' lang='lat' dir='ltr'>in</span> <span class='ocrx_word' id='word_1_144' title='bbox 939 2141 1045 2224; x_wconf 91' lang='lat' dir='ltr'>primo</span> <span class='ocrx_word' id='word_1_145' title='bbox 1061 2139 1168 2222; x_wconf 75' lang='lat'>(100)</span> <span class='ocrx_word' id='word_1_146' title='bbox 1190 2139 1338 2223; x_wconf 80' lang='lat' dir='ltr'>diximus,</span> <span class='ocrx_word' id='word_1_147' title='bbox 1363 2162 1418 2203; x_wconf 89' lang='lat' dir='ltr'>ver</span> 
     </span>
     <span class='ocr_line' id='line_1_18' title="bbox 138 2246 1416 2332; baseline -0.004 -18"><span class='ocrx_word' id='word_1_148' title='bbox 138 2253 172 2314; x_wconf 90' lang='lat' dir='ltr'>et</span> <span class='ocrx_word' id='word_1_149' title='bbox 195 2251 317 2332; x_wconf 86' lang='lat' dir='ltr'>aestas,</span> <span class='ocrx_word' id='word_1_150' title='bbox 342 2248 426 2313; x_wconf 86' lang='lat' dir='ltr'>siout</span> <span class='ocrx_word' id='word_1_151' title='bbox 449 2247 546 2312; x_wconf 91' lang='lat' dir='ltr'>etiam</span> <span class='ocrx_word' id='word_1_152' title='bbox 567 2246 693 2331; x_wconf 88' lang='lat' dir='ltr'>hiemps</span> <span class='ocrx_word' id='word_1_153' title='bbox 714 2249 747 2310; x_wconf 88' lang='lat' dir='ltr'>et</span> <span class='ocrx_word' id='word_1_154' title='bbox 767 2250 956 2330; x_wconf 86' lang='lat' dir='ltr'>autumnus,</span> <span class='ocrx_word' id='word_1_155' title='bbox 976 2269 1075 2311; x_wconf 91' lang='lat' dir='ltr'>unum</span> <span class='ocrx_word' id='word_1_156' title='bbox 1093 2246 1226 2310; x_wconf 84' lang='lat' dir='ltr'>fuerunt</span> <span class='ocrx_word' id='word_1_157' title='bbox 1244 2246 1416 2310; x_wconf 88' lang='lat' dir='ltr'>seeundum</span> 
     </span>
     <span class='ocr_line' id='line_1_19' title="bbox 138 2353 564 2438; baseline -0.009 -17"><span class='ocrx_word' id='word_1_158' title='bbox 138 2356 301 2422; x_wconf 90' lang='lat' dir='ltr'>rationem</span> <span class='ocrx_word' id='word_1_159' title='bbox 323 2353 564 2438; x_wconf 89' lang='lat' dir='ltr'>hemisphaerii.</span> 
     </span>
    </p>

    <p class='ocr_par' dir='ltr' id='par_1_8' title="bbox 138 2461 1470 2655">
     <span class='ocr_line' id='line_1_20' title="bbox 227 2461 1416 2546; baseline -0.003 -18"><span class='ocrx_word' id='word_1_160' title='bbox 227 2463 301 2530; x_wconf 82' lang='lat'>298.</span> <span class='ocrx_word' id='word_1_161' title='bbox 317 2528 324 2541; x_wconf 20' lang='grc' dir='ltr'>κ</span> <span class='ocrx_word' id='word_1_162' title='bbox 338 2484 503 2528; x_wconf 78' lang='lat' dir='ltr'>arraurrr</span> <span class='ocrx_word' id='word_1_163' title='bbox 530 2483 651 2526; x_wconf 77' lang='lat' dir='ltr'>srnrna</span> <span class='ocrx_word' id='word_1_164' title='bbox 679 2482 800 2526; x_wconf 68' lang='lat' dir='ltr'>arnan</span> <span class='ocrx_word' id='word_1_165' title='bbox 823 2463 867 2526; x_wconf 83' lang='lat' dir='ltr'>ad</span> <span class='ocrx_word' id='word_1_166' title='bbox 889 2482 1000 2544; x_wconf 81' lang='lat' dir='ltr'>pecora</span> <span class='ocrx_word' id='word_1_167' title='bbox 1026 2461 1162 2546; x_wconf 77' lang='lat' dir='ltr'>respicit,</span> <span class='ocrx_word' id='word_1_168' title='bbox 1191 2466 1227 2526; x_wconf 81' lang='lat' dir='ltr'>at</span> <span class='ocrx_word' id='word_1_169' title='bbox 1253 2462 1416 2527; x_wconf 65' lang='grc'>3111131111-</span> 
     </span>
     <span class='ocr_line' id='line_1_21' title="bbox 138 2569 1470 2655; baseline -0.013 -17"><span class='ocrx_word' id='word_1_170' title='bbox 138 2577 255 2655; x_wconf 80' lang='lat' dir='ltr'>meatu,</span> <span class='ocrx_word' id='word_1_171' title='bbox 278 2571 387 2654; x_wconf 72' lang='lat' dir='ltr'>quobus</span> <span class='ocrx_word' id='word_1_172' title='bbox 409 2569 559 2635; x_wconf 75' lang='lat' dir='ltr'>incubent.</span> <span class='ocrx_word' id='word_1_173' title='bbox 1436 2587 1470 2636; x_wconf 79' lang='lat'>20</span> 
     </span>
    </p>

    <p class='ocr_par' dir='ltr' id='par_1_9' title="bbox 138 2674 1417 2852">
     <span class='ocr_line' id='line_1_22' title="bbox 228 2674 1417 2761; baseline -0.002 -19"><span class='ocrx_word' id='word_1_174' title='bbox 228 2678 303 2743; x_wconf 80' lang='lat'><strong>299.</strong></span> <span class='ocrx_word' id='word_1_175' title='bbox 340 2695 546 2754; x_wconf 70' lang='lat' dir='ltr'>rvapnsovn</span> <span class='ocrx_word' id='word_1_176' title='bbox 570 2693 754 2742; x_wconf 74' lang='lat' dir='ltr'>Ponaaans</span> <span class='ocrx_word' id='word_1_177' title='bbox 777 2677 920 2760; x_wconf 85' lang='lat' dir='ltr'>respexit</span> <span class='ocrx_word' id='word_1_178' title='bbox 944 2677 984 2741; x_wconf 87' lang='lat' dir='ltr'>ad</span> <span class='ocrx_word' id='word_1_179' title='bbox 1004 2698 1127 2761; x_wconf 86' lang='lat' dir='ltr'>euram,</span> <span class='ocrx_word' id='word_1_180' title='bbox 1152 2698 1233 2761; x_wconf 90' lang='lat' dir='ltr'>quae</span> <span class='ocrx_word' id='word_1_181' title='bbox 1253 2674 1321 2740; x_wconf 87' lang='lat' dir='ltr'>sine</span> <span class='ocrx_word' id='word_1_182' title='bbox 1340 2698 1417 2761; x_wconf 91' lang='lat' dir='ltr'>pan-</span> 
     </span>
     <span class='ocr_line' id='line_1_23' title="bbox 138 2785 860 2852; baseline -0.003 0"><span class='ocrx_word' id='word_1_183' title='bbox 138 2785 191 2851; x_wconf 88' lang='lat' dir='ltr'>nis</span> <span class='ocrx_word' id='word_1_184' title='bbox 214 2790 250 2852; x_wconf 85' lang='lat' dir='ltr'>at</span> <span class='ocrx_word' id='word_1_185' title='bbox 271 2785 539 2851; x_wconf 84' lang='lat' dir='ltr'>medicaminibus</span> <span class='ocrx_word' id='word_1_186' title='bbox 564 2785 701 2850; x_wconf 86' lang='lat' dir='ltr'>sordidis</span> <span class='ocrx_word' id='word_1_187' title='bbox 725 2807 791 2849; x_wconf 92' lang='lat' dir='ltr'>non</span> <span class='ocrx_word' id='word_1_188' title='bbox 813 2785 860 2850; x_wconf 85' lang='lat' dir='ltr'>fit.</span> 
     </span>
    </p>

    <p class='ocr_par' dir='ltr' id='par_1_10' title="bbox 142 2890 1417 3086">
     <span class='ocr_line' id='line_1_24' title="bbox 228 2890 1417 2976; baseline -0.005 -17"><span class='ocrx_word' id='word_1_189' title='bbox 228 2895 303 2960; x_wconf 85' lang='lat'><strong>300.</strong></span> <span class='ocrx_word' id='word_1_190' title='bbox 339 2911 427 2960; x_wconf 83' lang='lat' dir='ltr'>Posr</span> <span class='ocrx_word' id='word_1_191' title='bbox 452 2911 537 2958; x_wconf 78' lang='lat' dir='ltr'>runc</span> <span class='ocrx_word' id='word_1_192' title='bbox 562 2915 634 2958; x_wconf 89' lang='lat' dir='ltr'>oum</span> <span class='ocrx_word' id='word_1_193' title='bbox 657 2891 720 2957; x_wconf 88' lang='lat' dir='ltr'>hoo</span> <span class='ocrx_word' id='word_1_194' title='bbox 743 2891 866 2956; x_wconf 85' lang='lat' dir='ltr'>feceris.</span> <span class='ocrx_word' id='word_1_195' title='bbox 910 2895 942 2956; x_wconf 88' lang='lat' dir='ltr'>et</span> <span class='ocrx_word' id='word_1_196' title='bbox 967 2890 1054 2976; x_wconf 76' lang='lat' dir='ltr'>‘post</span> <span class='ocrx_word' id='word_1_197' title='bbox 1077 2890 1164 2957; x_wconf 86' lang='lat' dir='ltr'>hinu&#39;</span> <span class='ocrx_word' id='word_1_198' title='bbox 1189 2913 1289 2956; x_wconf 89' lang='lat' dir='ltr'>unum</span> <span class='ocrx_word' id='word_1_199' title='bbox 1313 2892 1417 2973; x_wconf 89' lang='lat' dir='ltr'>vaoat,</span> 
     </span>
     <span class='ocr_line' id='line_1_25' title="bbox 142 3001 750 3086; baseline -0.007 -18"><span class='ocrx_word' id='word_1_200' title='bbox 142 3003 226 3068; x_wconf 88' lang='lat' dir='ltr'>siout</span> <span class='ocrx_word' id='word_1_201' title='bbox 248 3001 394 3086; x_wconf 89' lang='lat' dir='ltr'>primus</span> <span class='ocrx_word' id='word_1_202' title='bbox 418 3001 474 3066; x_wconf 91' lang='lat' dir='ltr'>ibi</span> <span class='ocrx_word' id='word_1_203' title='bbox 498 3003 587 3066; x_wconf 89' lang='lat' dir='ltr'>ante</span> <span class='ocrx_word' id='word_1_204' title='bbox 612 3022 750 3064; x_wconf 87' lang='lat' dir='ltr'>omnes.</span> 
     </span>
    </p>

    <p class='ocr_par' dir='ltr' id='par_1_11' title="bbox 142 3105 1470 3301">
     <span class='ocr_line' id='line_1_26' title="bbox 229 3105 1470 3192; baseline 0 -17"><span class='ocrx_word' id='word_1_205' title='bbox 229 3112 303 3177; x_wconf 85' lang='lat'>301.</span> <span class='ocrx_word' id='word_1_206' title='bbox 340 3125 489 3174; x_wconf 80' lang='lat' dir='ltr'>ravvros</span> <span class='ocrx_word' id='word_1_207' title='bbox 522 3125 705 3172; x_wconf 71' lang='lat' dir='ltr'>passaran</span> <span class='ocrx_word' id='word_1_208' title='bbox 737 3124 920 3173; x_wconf 83' lang='lat' dir='ltr'>aneauras</span> <span class='ocrx_word' id='word_1_209' title='bbox 954 3129 1071 3192; x_wconf 90' lang='lat' dir='ltr'>aquam</span> <span class='ocrx_word' id='word_1_210' title='bbox 1105 3105 1218 3172; x_wconf 87' lang='lat' dir='ltr'>statim</span> <span class='ocrx_word' id='word_1_211' title='bbox 1250 3105 1417 3171; x_wconf 84' lang='lat' dir='ltr'>haustam:</span> <span class='ocrx_word' id='word_1_212' title='bbox 1436 3124 1470 3174; x_wconf 81' lang='lat'>25</span> 
     </span>
     <span class='ocr_line' id='line_1_27' title="bbox 142 3214 1184 3301; baseline -0.005 -18"><span class='ocrx_word' id='word_1_213' title='bbox 142 3241 218 3283; x_wconf 90' lang='lat' dir='ltr'>nam</span> <span class='ocrx_word' id='word_1_214' title='bbox 242 3218 270 3283; x_wconf 92' lang='lat' dir='ltr'>si</span> <span class='ocrx_word' id='word_1_215' title='bbox 293 3217 423 3301; x_wconf 85' lang='lat' dir='ltr'>pigram</span> <span class='ocrx_word' id='word_1_216' title='bbox 446 3217 645 3301; x_wconf 90' lang='lat' dir='ltr'>potaverint,</span> <span class='ocrx_word' id='word_1_217' title='bbox 669 3215 782 3279; x_wconf 89' lang='lat' dir='ltr'>statim</span> <span class='ocrx_word' id='word_1_218' title='bbox 806 3215 955 3279; x_wconf 92' lang='lat' dir='ltr'>morbum</span> <span class='ocrx_word' id='word_1_219' title='bbox 980 3214 1184 3279; x_wconf 81' lang='lat' dir='ltr'>contrahunt.</span> 
     </span>
    </p>

    <p class='ocr_par' dir='ltr' id='par_1_12' title="bbox 139 3321 1470 3712">
     <span class='ocr_line' id='line_1_28' title="bbox 228 3321 1417 3408; baseline -0.002 -19"><span class='ocrx_word' id='word_1_220' title='bbox 228 3325 303 3389; x_wconf 80' lang='lat'><strong>302.</strong></span> <span class='ocrx_word' id='word_1_221' title='bbox 341 3340 499 3389; x_wconf 74' lang='lat' dir='ltr'>sraavnn</span> <span class='ocrx_word' id='word_1_222' title='bbox 528 3341 550 3387; x_wconf 77' lang='lat' dir='ltr'>A</span> <span class='ocrx_word' id='word_1_223' title='bbox 580 3340 704 3388; x_wconf 78' lang='lat' dir='ltr'>vnnrrs</span> <span class='ocrx_word' id='word_1_224' title='bbox 737 3323 890 3408; x_wconf 82' lang='lat' dir='ltr'>figurate,</span> <span class='ocrx_word' id='word_1_225' title='bbox 923 3321 1047 3386; x_wconf 83' lang='lat' dir='ltr'>seilicet</span> <span class='ocrx_word' id='word_1_226' title='bbox 1074 3325 1189 3387; x_wconf 81' lang='lat' dir='ltr'>ventos</span> <span class='ocrx_word' id='word_1_227' title='bbox 1222 3344 1288 3387; x_wconf 91' lang='lat' dir='ltr'>non</span> <span class='ocrx_word' id='word_1_228' title='bbox 1315 3322 1417 3406; x_wconf 80' lang='lat' dir='ltr'>porfe-</span> 
     </span>
     <span class='ocr_line' id='line_1_29' title="bbox 139 3428 1417 3515; baseline -0.002 -18"><span class='ocrx_word' id='word_1_229' title='bbox 139 3432 252 3498; x_wconf 87' lang='lat' dir='ltr'>rentia.</span> <span class='ocrx_word' id='word_1_230' title='bbox 343 3449 498 3496; x_wconf 77' lang='lat' dir='ltr'>Hrssnsno</span> <span class='ocrx_word' id='word_1_231' title='bbox 518 3447 597 3495; x_wconf 79' lang='lat' dir='ltr'>soar</span> <span class='ocrx_word' id='word_1_232' title='bbox 622 3433 735 3495; x_wconf 89' lang='lat' dir='ltr'>eontra</span> <span class='ocrx_word' id='word_1_233' title='bbox 758 3430 890 3514; x_wconf 81' lang='lat' dir='ltr'>plagam</span> <span class='ocrx_word' id='word_1_234' title='bbox 916 3428 1142 3513; x_wconf 85' lang='lat' dir='ltr'>meridianam,</span> <span class='ocrx_word' id='word_1_235' title='bbox 1166 3451 1344 3515; x_wconf 91' lang='lat' dir='ltr'>perquam</span> <span class='ocrx_word' id='word_1_236' title='bbox 1368 3431 1417 3495; x_wconf 93' lang='lat' dir='ltr'>sol</span> 
     </span>
     <span class='ocr_line' id='line_1_30' title="bbox 140 3535 1418 3624; baseline -0.002 -19"><span class='ocrx_word' id='word_1_237' title='bbox 140 3539 241 3606; x_wconf 87' lang='lat' dir='ltr'>ourrit</span> <span class='ocrx_word' id='word_1_238' title='bbox 270 3561 329 3624; x_wconf 91' lang='lat' dir='ltr'>per</span> <span class='ocrx_word' id='word_1_239' title='bbox 358 3538 515 3603; x_wconf 89' lang='lat' dir='ltr'>hiemem:</span> <span class='ocrx_word' id='word_1_240' title='bbox 548 3539 633 3623; x_wconf 93' lang='lat' dir='ltr'>quod</span> <span class='ocrx_word' id='word_1_241' title='bbox 665 3537 833 3622; x_wconf 85' lang='lat' dir='ltr'>explanat,</span> <span class='ocrx_word' id='word_1_242' title='bbox 865 3535 974 3602; x_wconf 89' lang='lat' dir='ltr'>dioens</span> <span class='ocrx_word' id='word_1_243' title='bbox 1003 3535 1060 3600; x_wconf 72' lang='lat' dir='ltr'>‘ad</span> <span class='ocrx_word' id='word_1_244' title='bbox 1093 3535 1231 3602; x_wconf 91' lang='lat' dir='ltr'>medium</span> <span class='ocrx_word' id='word_1_245' title='bbox 1263 3559 1418 3603; x_wconf 81' lang='lat' dir='ltr'>conversa</span> 
     </span>
     <span class='ocr_line' id='line_1_31' title="bbox 140 3646 1470 3712; baseline -0.001 0"><span class='ocrx_word' id='word_1_246' title='bbox 140 3646 250 3712; x_wconf 88' lang='lat' dir='ltr'>diem’.</span> <span class='ocrx_word' id='word_1_247' title='bbox 1435 3662 1470 3711; x_wconf 87' lang='lat'>30</span> 
     </span>
    </p>

    <p class='ocr_par' dir='ltr' id='par_1_13' title="bbox 140 3750 1419 3947">
     <span class='ocr_line' id='line_1_32' title="bbox 229 3750 1419 3836; baseline -0.003 -17"><span class='ocrx_word' id='word_1_248' title='bbox 229 3755 304 3819; x_wconf 87' lang='grc'><strong>304.</strong></span> <span class='ocrx_word' id='word_1_249' title='bbox 340 3771 581 3832; x_wconf 72' lang='lat' dir='ltr'>nxraanoovn</span> <span class='ocrx_word' id='word_1_250' title='bbox 613 3770 768 3817; x_wconf 74' lang='lat' dir='ltr'>rnssoaar</span> <span class='ocrx_word' id='word_1_251' title='bbox 802 3769 833 3817; x_wconf 77' lang='lat' dir='ltr'>A.</span> <span class='ocrx_word' id='word_1_252' title='bbox 867 3770 898 3816; x_wconf 82' lang='grc' dir='ltr'>Α.</span> <span class='ocrx_word' id='word_1_253' title='bbox 932 3773 1041 3816; x_wconf 90' lang='lat' dir='ltr'>mense</span> <span class='ocrx_word' id='word_1_254' title='bbox 1074 3750 1239 3836; x_wconf 89' lang='lat' dir='ltr'>Ianuario,</span> <span class='ocrx_word' id='word_1_255' title='bbox 1276 3752 1332 3836; x_wconf 91' lang='lat' dir='ltr'>qui</span> <span class='ocrx_word' id='word_1_256' title='bbox 1368 3755 1419 3816; x_wconf 89' lang='lat' dir='ltr'>est</span> 
     </span>
     <span class='ocr_line' id='line_1_33' title="bbox 140 3858 1417 3947; baseline -0.002 -21"><span class='ocrx_word' id='word_1_257' title='bbox 140 3884 241 3947; x_wconf 89' lang='lat' dir='ltr'>paene</span> <span class='ocrx_word' id='word_1_258' title='bbox 264 3861 414 3926; x_wconf 89' lang='lat' dir='ltr'>ultimus:</span> <span class='ocrx_word' id='word_1_259' title='bbox 451 3883 542 3947; x_wconf 89' lang='lat' dir='ltr'>nam,</span> <span class='ocrx_word' id='word_1_260' title='bbox 569 3864 606 3925; x_wconf 86' lang='lat' dir='ltr'>ut</span> <span class='ocrx_word' id='word_1_261' title='bbox 633 3861 732 3924; x_wconf 90' lang='lat' dir='ltr'>etiam</span> <span class='ocrx_word' id='word_1_262' title='bbox 756 3860 790 3922; x_wconf 94' lang='lat' dir='ltr'>in</span> <span class='ocrx_word' id='word_1_263' title='bbox 813 3859 919 3943; x_wconf 91' lang='lat' dir='ltr'>primo</span> <span class='ocrx_word' id='word_1_264' title='bbox 943 3859 1082 3924; x_wconf 84' lang='lat' dir='ltr'>diximus</span> <span class='ocrx_word' id='word_1_265' title='bbox 1106 3860 1192 3943; x_wconf 81' lang='lat'>&lt;64&gt;</span> <span class='ocrx_word' id='word_1_266' title='bbox 1215 3863 1257 3922; x_wconf 92' lang='lat' dir='ltr'>ut</span> <span class='ocrx_word' id='word_1_267' title='bbox 1278 3858 1417 3943; x_wconf 88' lang='lat' dir='ltr'>primis</span> 
     </span>
    </p>
   </div>
   <div class='ocr_carea' id='block_1_3' title="bbox 140 3991 351 3998">
    <p class='ocr_par' dir='ltr' id='par_1_14' title="bbox 140 3991 351 3998">
     <span class='ocr_line' id='line_1_34' title="bbox 140 3991 351 3998; baseline -0.014 0"><span class='ocrx_word' id='word_1_268' title='bbox 140 3993 159 3998; x_wconf 79' lang='lat'>--</span> <span class='ocrx_word' id='word_1_269' title='bbox 175 3991 351 3998; x_wconf 77' lang='lat'>.-...—--..-</span> 
     </span>
    </p>
   </div>
   <div class='ocr_carea' id='block_1_4' title="bbox 141 4035 1417 4248">
    <p class='ocr_par' dir='ltr' id='par_1_15' title="bbox 141 4035 1417 4248">
     <span class='ocr_line' id='line_1_35' title="bbox 231 4035 1417 4107; baseline -0.003 -16"><span class='ocrx_word' id='word_1_270' title='bbox 231 4044 245 4091; x_wconf 83' lang='grc'><strong>7</strong></span> <span class='ocrx_word' id='word_1_271' title='bbox 265 4037 529 4093; x_wconf 83' lang='lat' dir='ltr'>hio...translatus</span> <span class='ocrx_word' id='word_1_272' title='bbox 549 4036 604 4106; x_wconf 78' lang='lat' dir='ltr'>estl</span> <span class='ocrx_word' id='word_1_273' title='bbox 625 4037 659 4090; x_wconf 87' lang='lat' dir='ltr'>el.</span> <span class='ocrx_word' id='word_1_274' title='bbox 678 4036 800 4090; x_wconf 88' lang='lat' dir='ltr'>Maerob.</span> <span class='ocrx_word' id='word_1_275' title='bbox 821 4035 878 4089; x_wconf 87' lang='lat' dir='ltr'>Sat.</span> <span class='ocrx_word' id='word_1_276' title='bbox 899 4036 937 4089; x_wconf 91' lang='lat' dir='ltr'>Vl</span> <span class='ocrx_word' id='word_1_277' title='bbox 957 4041 1083 4104; x_wconf 75' lang='lat' dir='ltr'>2,1sqq.</span> <span class='ocrx_word' id='word_1_278' title='bbox 1112 4037 1122 4104; x_wconf 92' lang='grc'>11</span> <span class='ocrx_word' id='word_1_279' title='bbox 1148 4041 1183 4090; x_wconf 79' lang='lat'>24</span> <span class='ocrx_word' id='word_1_280' title='bbox 1201 4035 1321 4107; x_wconf 88' lang='lat' dir='ltr'>primus]</span> <span class='ocrx_word' id='word_1_281' title='bbox 1340 4035 1372 4091; x_wconf 79' lang='lat' dir='ltr'>A.</span> <span class='ocrx_word' id='word_1_282' title='bbox 1392 4035 1417 4088; x_wconf 91' lang='lat' dir='ltr'>II</span> 
     </span>
     <span class='ocr_line' id='line_1_36' title="bbox 142 4106 1417 4179; baseline -0.002 -15"><span class='ocrx_word' id='word_1_283' title='bbox 142 4110 246 4179; x_wconf 71' lang='grc'>40132</span> <span class='ocrx_word' id='word_1_284' title='bbox 265 4111 299 4162; x_wconf 90' lang='lat' dir='ltr'>ut</span> <span class='ocrx_word' id='word_1_285' title='bbox 316 4110 400 4164; x_wconf 85' lang='lat' dir='ltr'>etiam</span> <span class='ocrx_word' id='word_1_286' title='bbox 420 4109 450 4161; x_wconf 91' lang='lat' dir='ltr'>in</span> <span class='ocrx_word' id='word_1_287' title='bbox 469 4107 559 4178; x_wconf 89' lang='lat' dir='ltr'>primo</span> <span class='ocrx_word' id='word_1_288' title='bbox 579 4106 710 4179; x_wconf 86' lang='lat' dir='ltr'>diximus]</span> <span class='ocrx_word' id='word_1_289' title='bbox 729 4124 785 4161; x_wconf 90' lang='lat' dir='ltr'>non</span> <span class='ocrx_word' id='word_1_290' title='bbox 805 4106 842 4160; x_wconf 89' lang='lat' dir='ltr'>ad</span> <span class='ocrx_word' id='word_1_291' title='bbox 860 4125 886 4162; x_wconf 87' lang='lat' dir='ltr'>v.</span> <span class='ocrx_word' id='word_1_292' title='bbox 903 4113 950 4175; x_wconf 87' lang='grc'>64,</span> <span class='ocrx_word' id='word_1_293' title='bbox 969 4106 1018 4160; x_wconf 87' lang='lat' dir='ltr'>sed</span> <span class='ocrx_word' id='word_1_294' title='bbox 1037 4109 1072 4160; x_wconf 89' lang='lat' dir='ltr'>ad</span> <span class='ocrx_word' id='word_1_295' title='bbox 1088 4125 1114 4160; x_wconf 87' lang='lat' dir='ltr'>v.</span> <span class='ocrx_word' id='word_1_296' title='bbox 1130 4112 1164 4161; x_wconf 83' lang='lat'>43</span> <span class='ocrx_word' id='word_1_297' title='bbox 1179 4107 1243 4161; x_wconf 91' lang='lat' dir='ltr'>libri</span> <span class='ocrx_word' id='word_1_298' title='bbox 1257 4106 1342 4176; x_wconf 88' lang='lat' dir='ltr'>primi</span> <span class='ocrx_word' id='word_1_299' title='bbox 1357 4107 1417 4162; x_wconf 84' lang='lat' dir='ltr'>Ser·</span> 
     </span>
     <span class='ocr_line' id='line_1_37' title="bbox 141 4178 614 4248; baseline -0.004 -12"><span class='ocrx_word' id='word_1_300' title='bbox 141 4183 202 4236; x_wconf 85' lang='lat' dir='ltr'>vius</span> <span class='ocrx_word' id='word_1_301' title='bbox 221 4182 347 4248; x_wconf 84' lang='lat' dir='ltr'>legentes</span> <span class='ocrx_word' id='word_1_302' title='bbox 365 4196 496 4235; x_wconf 88' lang='lat' dir='ltr'>revocare</span> <span class='ocrx_word' id='word_1_303' title='bbox 516 4178 614 4235; x_wconf 89' lang='lat' dir='ltr'>debuit</span> 
     </span>
    </p>
   </div>
   <div class='ocr_carea' id='block_1_5' title="bbox 140 4338 1419 4912">
    <p class='ocr_par' dir='ltr' id='par_1_16' title="bbox 140 4338 1419 4912">
     <span class='ocr_line' id='line_1_38' title="bbox 231 4338 1418 4410; baseline -0.002 -15"><span class='ocrx_word' id='word_1_304' title='bbox 231 4339 416 4395; x_wconf 77' lang='lat' dir='ltr'>beastalium</span> <span class='ocrx_word' id='word_1_305' title='bbox 440 4341 466 4394; x_wconf 92' lang='lat' dir='ltr'><em>V</em></span> <span class='ocrx_word' id='word_1_306' title='bbox 489 4343 498 4410; x_wconf 91' lang='grc'>11</span> <span class='ocrx_word' id='word_1_307' title='bbox 526 4341 678 4396; x_wconf 76' lang='lat' dir='ltr'>devertitur</span> <span class='ocrx_word' id='word_1_308' title='bbox 702 4341 773 4394; x_wconf 85' lang='lat' dir='ltr'>VH:</span> <span class='ocrx_word' id='word_1_309' title='bbox 803 4339 952 4393; x_wconf 89' lang='lat' dir='ltr'>diuertitur</span> <span class='ocrx_word' id='word_1_310' title='bbox 970 4338 1071 4394; x_wconf 85' lang='lat' dir='ltr'>APM</span> <span class='ocrx_word' id='word_1_311' title='bbox 1088 4341 1098 4408; x_wconf 93' lang='lat' dir='ltr'>l</span> <span class='ocrx_word' id='word_1_312' title='bbox 1122 4339 1418 4395; x_wconf 67' lang='lat' dir='ltr'>thie...translalus</span> 
     </span>
     <span class='ocr_line' id='line_1_39' title="bbox 142 4411 1417 4481; baseline -0.002 -14"><span class='ocrx_word' id='word_1_313' title='bbox 142 4415 185 4468; x_wconf 88' lang='lat' dir='ltr'>est</span> <span class='ocrx_word' id='word_1_314' title='bbox 203 4429 252 4467; x_wconf 87' lang='lat' dir='ltr'>om.</span> <span class='ocrx_word' id='word_1_315' title='bbox 274 4412 317 4467; x_wconf 88' lang='lat' dir='ltr'>M.</span> <span class='ocrx_word' id='word_1_316' title='bbox 355 4413 480 4468; x_wconf 71' lang='lat' dir='ltr'>Lucretii</span> <span class='ocrx_word' id='word_1_317' title='bbox 498 4430 590 4467; x_wconf 82' lang='lat' dir='ltr'>uersus</span> <span class='ocrx_word' id='word_1_318' title='bbox 609 4413 718 4467; x_wconf 81' lang='lat' dir='ltr'>addidit</span> <span class='ocrx_word' id='word_1_319' title='bbox 736 4412 823 4466; x_wconf 84' lang='lat' dir='ltr'>Fabr.</span> <span class='ocrx_word' id='word_1_320' title='bbox 847 4411 856 4479; x_wconf 94' lang='grc'>11</span> <span class='ocrx_word' id='word_1_321' title='bbox 881 4417 913 4465; x_wconf 75' lang='lat'>12</span> <span class='ocrx_word' id='word_1_322' title='bbox 934 4412 1064 4481; x_wconf 86' lang='lat' dir='ltr'>plagam.</span> <span class='ocrx_word' id='word_1_323' title='bbox 1078 4414 1225 4480; x_wconf 90' lang='lat' dir='ltr'>..propter</span> <span class='ocrx_word' id='word_1_324' title='bbox 1243 4428 1293 4466; x_wconf 84' lang='lat' dir='ltr'>om.</span> <span class='ocrx_word' id='word_1_325' title='bbox 1312 4411 1362 4480; x_wconf 76' lang='grc' dir='ltr'>Α1</span> <span class='ocrx_word' id='word_1_326' title='bbox 1385 4417 1417 4466; x_wconf 81' lang='grc'>17</span> 
     </span>
     <span class='ocr_line' id='line_1_40' title="bbox 140 4481 1419 4555; baseline -0.002 -18"><span class='ocrx_word' id='word_1_327' title='bbox 140 4485 230 4539; x_wconf 90' lang='lat' dir='ltr'>hiems</span> <span class='ocrx_word' id='word_1_328' title='bbox 249 4484 356 4539; x_wconf 66' lang='grc' dir='ltr'>ΛΡΜ</span> <span class='ocrx_word' id='word_1_329' title='bbox 368 4487 426 4554; x_wconf 75' lang='grc'>124</span> <span class='ocrx_word' id='word_1_330' title='bbox 444 4484 549 4553; x_wconf 90' lang='lat' dir='ltr'>primus</span> <span class='ocrx_word' id='word_1_331' title='bbox 568 4484 621 4555; x_wconf 85' lang='lat' dir='ltr'>ibi]</span> <span class='ocrx_word' id='word_1_332' title='bbox 639 4485 703 4553; x_wconf 83' lang='lat' dir='ltr'>post</span> <span class='ocrx_word' id='word_1_333' title='bbox 722 4483 791 4536; x_wconf 93' lang='lat' dir='ltr'>mihi</span> <span class='ocrx_word' id='word_1_334' title='bbox 813 4483 879 4537; x_wconf 89' lang='lat' dir='ltr'>PH</span> <span class='ocrx_word' id='word_1_335' title='bbox 912 4481 989 4551; x_wconf 86' lang='lat' dir='ltr'>prius</span> <span class='ocrx_word' id='word_1_336' title='bbox 1010 4484 1048 4535; x_wconf 89' lang='lat' dir='ltr'><em>M</em></span> <span class='ocrx_word' id='word_1_337' title='bbox 1059 4481 1131 4550; x_wconf 74' lang='lat' dir='ltr'>lubi</span> <span class='ocrx_word' id='word_1_338' title='bbox 1150 4485 1247 4551; x_wconf 85' lang='grc' dir='ltr'>Α130</span> <span class='ocrx_word' id='word_1_339' title='bbox 1266 4483 1351 4551; x_wconf 83' lang='lat' dir='ltr'>diem]</span> <span class='ocrx_word' id='word_1_340' title='bbox 1371 4501 1419 4535; x_wconf 81' lang='lat' dir='ltr'>mr</span> 
     </span>
     <span class='ocr_line' id='line_1_41' title="bbox 141 4552 1419 4622; baseline -0.001 -13"><span class='ocrx_word' id='word_1_341' title='bbox 141 4572 236 4610; x_wconf 87' lang='lat' dir='ltr'>mensa</span> <span class='ocrx_word' id='word_1_342' title='bbox 260 4556 398 4611; x_wconf 90' lang='lat' dir='ltr'>Ianuario.</span> <span class='ocrx_word' id='word_1_343' title='bbox 437 4574 517 4608; x_wconf 76' lang='lat' dir='ltr'>caum</span> <span class='ocrx_word' id='word_1_344' title='bbox 540 4574 673 4615; x_wconf 73' lang='lat' dir='ltr'>novarum</span> <span class='ocrx_word' id='word_1_345' title='bbox 696 4555 726 4608; x_wconf 89' lang='lat' dir='ltr'>id</span> <span class='ocrx_word' id='word_1_346' title='bbox 750 4556 794 4608; x_wconf 90' lang='lat' dir='ltr'>est</span> <span class='ocrx_word' id='word_1_347' title='bbox 816 4553 933 4615; x_wconf 82' lang='lat' dir='ltr'>occidit,</span> <span class='ocrx_word' id='word_1_348' title='bbox 963 4570 1062 4608; x_wconf 82' lang='lat' dir='ltr'>occasu</span> <span class='ocrx_word' id='word_1_349' title='bbox 1087 4552 1195 4608; x_wconf 85' lang='lat' dir='ltr'>scilieet</span> <span class='ocrx_word' id='word_1_350' title='bbox 1218 4554 1340 4608; x_wconf 85' lang='lat' dir='ltr'>beliaco:</span> <span class='ocrx_word' id='word_1_351' title='bbox 1370 4554 1419 4622; x_wconf 90' lang='lat' dir='ltr'>qui</span> 
     </span>
     <span class='ocr_line' id='line_1_42' title="bbox 142 4624 1419 4694; baseline -0.001 -13"><span class='ocrx_word' id='word_1_352' title='bbox 142 4645 206 4681; x_wconf 87' lang='lat' dir='ltr'>eum</span> <span class='ocrx_word' id='word_1_353' title='bbox 225 4627 332 4681; x_wconf 84' lang='lat' dir='ltr'>oriatur</span> <span class='ocrx_word' id='word_1_354' title='bbox 351 4626 471 4682; x_wconf 84' lang='lat' dir='ltr'>cosmiee</span> <span class='ocrx_word' id='word_1_355' title='bbox 491 4644 553 4680; x_wconf 89' lang='lat' dir='ltr'>cum</span> <span class='ocrx_word' id='word_1_356' title='bbox 573 4627 643 4694; x_wconf 89' lang='lat' dir='ltr'>sole,</span> <span class='ocrx_word' id='word_1_357' title='bbox 667 4628 761 4680; x_wconf 85' lang='lat' dir='ltr'>tamen</span> <span class='ocrx_word' id='word_1_358' title='bbox 781 4624 884 4680; x_wconf 86' lang='lat' dir='ltr'>oceidit</span> <span class='ocrx_word' id='word_1_359' title='bbox 902 4624 1024 4691; x_wconf 85' lang='lat' dir='ltr'>heliaoe,</span> <span class='ocrx_word' id='word_1_360' title='bbox 1045 4625 1176 4693; x_wconf 89' lang='lat' dir='ltr'>quoniam</span> <span class='ocrx_word' id='word_1_361' title='bbox 1195 4625 1311 4680; x_wconf 89' lang='lat' dir='ltr'>anobis</span> <span class='ocrx_word' id='word_1_362' title='bbox 1330 4624 1419 4680; x_wconf 86' lang='lat' dir='ltr'>videri</span> 
     </span>
     <span class='ocr_line' id='line_1_43' title="bbox 141 4695 1418 4768; baseline 0 -17"><span class='ocrx_word' id='word_1_363' title='bbox 141 4716 196 4752; x_wconf 91' lang='lat' dir='ltr'>non</span> <span class='ocrx_word' id='word_1_364' title='bbox 221 4700 340 4768; x_wconf 89' lang='lat' dir='ltr'>possunt</span> <span class='ocrx_word' id='word_1_365' title='bbox 363 4698 444 4768; x_wconf 84' lang='lat' dir='ltr'>signa</span> <span class='ocrx_word' id='word_1_366' title='bbox 468 4716 530 4752; x_wconf 88' lang='lat' dir='ltr'>eum</span> <span class='ocrx_word' id='word_1_367' title='bbox 554 4699 612 4752; x_wconf 87' lang='lat' dir='ltr'>sole</span> <span class='ocrx_word' id='word_1_368' title='bbox 637 4697 768 4763; x_wconf 87' lang='lat' dir='ltr'>orientia,</span> <span class='ocrx_word' id='word_1_369' title='bbox 797 4697 872 4765; x_wconf 89' lang='lat' dir='ltr'>quod</span> <span class='ocrx_word' id='word_1_370' title='bbox 895 4714 968 4750; x_wconf 88' lang='lat' dir='ltr'>nune</span> <span class='ocrx_word' id='word_1_371' title='bbox 986 4696 1120 4766; x_wconf 83' lang='lat' dir='ltr'>Virgilius</span> <span class='ocrx_word' id='word_1_372' title='bbox 1143 4695 1185 4750; x_wconf 84' lang='lat' dir='ltr'>ait</span> <span class='ocrx_word' id='word_1_373' title='bbox 1204 4695 1276 4751; x_wconf 77' lang='lat' dir='ltr'>‘iam</span> <span class='ocrx_word' id='word_1_374' title='bbox 1300 4697 1418 4766; x_wconf 82' lang='lat' dir='ltr'>frigidus</span> 
     </span>
     <span class='ocr_line' id='line_1_44' title="bbox 142 4767 1419 4839; baseline 0.002 -16"><span class='ocrx_word' id='word_1_375' title='bbox 142 4770 274 4838; x_wconf 85' lang='lat' dir='ltr'>aquarius</span> <span class='ocrx_word' id='word_1_376' title='bbox 298 4771 395 4824; x_wconf 86' lang='lat' dir='ltr'>cadit&#39;.</span> <span class='ocrx_word' id='word_1_377' title='bbox 432 4769 578 4838; x_wconf 87' lang='lat' dir='ltr'>aquarium</span> <span class='ocrx_word' id='word_1_378' title='bbox 603 4771 697 4825; x_wconf 84' lang='lat' dir='ltr'>autem</span> <span class='ocrx_word' id='word_1_379' title='bbox 715 4769 797 4824; x_wconf 89' lang='lat' dir='ltr'>multi</span> <span class='ocrx_word' id='word_1_380' title='bbox 816 4767 1005 4838; x_wconf 85' lang='lat' dir='ltr'>Ganymedem</span> <span class='ocrx_word' id='word_1_381' title='bbox 1023 4785 1083 4824; x_wconf 81' lang='lat' dir='ltr'>erse</span> <span class='ocrx_word' id='word_1_382' title='bbox 1104 4768 1201 4823; x_wconf 85' lang='lat' dir='ltr'>volunt</span> <span class='ocrx_word' id='word_1_383' title='bbox 1219 4769 1283 4824; x_wconf 84' lang='lat' dir='ltr'>add.</span> <span class='ocrx_word' id='word_1_384' title='bbox 1303 4767 1391 4825; x_wconf 79' lang='lat' dir='ltr'>Fabr.</span> <span class='ocrx_word' id='word_1_385' title='bbox 1408 4768 1419 4839; x_wconf 92' lang='grc'>11</span> 
     </span>
     <span class='ocr_line' id='line_1_45' title="bbox 144 4839 1015 4912; baseline 0.002 -18"><span class='ocrx_word' id='word_1_386' title='bbox 144 4859 261 4896; x_wconf 74' lang='lat' dir='ltr'>runorar</span> <span class='ocrx_word' id='word_1_387' title='bbox 280 4842 384 4912; x_wconf 80' lang='grc' dir='ltr'>Μ132</span> <span class='ocrx_word' id='word_1_388' title='bbox 403 4857 474 4912; x_wconf 90' lang='lat' dir='ltr'>pene</span> <span class='ocrx_word' id='word_1_389' title='bbox 494 4841 609 4896; x_wconf 88' lang='lat' dir='ltr'>ultimus</span> <span class='ocrx_word' id='word_1_390' title='bbox 628 4843 654 4896; x_wconf 83' lang='lat' dir='ltr'><em>A</em></span> <span class='ocrx_word' id='word_1_391' title='bbox 667 4842 728 4896; x_wconf 88' lang='lat' dir='ltr'>VH</span> <span class='ocrx_word' id='word_1_392' title='bbox 752 4839 924 4912; x_wconf 86' lang='lat' dir='ltr'>penultimus</span> <span class='ocrx_word' id='word_1_393' title='bbox 945 4840 1015 4896; x_wconf 84' lang='lat' dir='ltr'>PM</span> 
     </span>
    </p>
   </div>
   <div class='ocr_carea' id='block_1_6' title="bbox 0 0 1689 5430">
    <p class='ocr_par' dir='ltr' id='par_1_17' title="bbox 0 0 1689 5430">
     <span class='ocr_line' id='line_1_46' title="bbox 0 0 1689 5430; baseline 0 0"><span class='ocrx_word' id='word_1_394' title='bbox 0 0 1689 5430; x_wconf 95' lang='lat' dir='ltr'> </span> 
     </span>
    </p>
   </div>
  </div>
 </body>
</html>
