<?xml version="1.0" encoding="UTF-8"?>
<!DOCTYPE html PUBLIC "-//W3C//DTD XHTML 1.0 Transitional//EN"
    "http://www.w3.org/TR/xhtml1/DTD/xhtml1-transitional.dtd">
<html xmlns="http://www.w3.org/1999/xhtml" xml:lang="en" lang="en">
 <head>
  <title>
</title>
<meta http-equiv="Content-Type" content="text/html;charset=utf-8" />
  <meta name='ocr-system' content='tesseract 3.04.00' />
  <meta name='ocr-capabilities' content='ocr_page ocr_carea ocr_par ocr_line ocrx_word'/>
</head>
<body>
  <div class='ocr_page' id='page_1' title='image "./serviigrammatic01thilgoog_0375.png"; bbox 0 0 3354 5430; ppageno 0'>
   <div class='ocr_carea' id='block_1_1' title="bbox 176 365 872 433">
    <p class='ocr_par' dir='ltr' id='par_1_1' title="bbox 176 365 872 433">
     <span class='ocr_line' id='line_1_1' title="bbox 176 365 872 433; baseline -0.003 -14"><span class='ocrx_word' id='word_1_1' title='bbox 176 368 241 433; x_wconf 83' lang='lat'>350</span> <span class='ocrx_word' id='word_1_2' title='bbox 751 365 872 420; x_wconf 85' lang='lat' dir='ltr'>snuvn</span> 
     </span>
    </p>
   </div>
   <div class='ocr_carea' id='block_1_2' title="bbox 172 529 1450 620">
    <p class='ocr_par' dir='ltr' id='par_1_2' title="bbox 172 529 1450 620">
     <span class='ocr_line' id='line_1_2' title="bbox 172 529 1450 620; baseline -0.002 -22"><span class='ocrx_word' id='word_1_3' title='bbox 172 554 274 598; x_wconf 89' lang='lat' dir='ltr'>mare</span> <span class='ocrx_word' id='word_1_4' title='bbox 302 537 535 598; x_wconf 85' lang='lat' dir='ltr'>transuectus</span> <span class='ocrx_word' id='word_1_5' title='bbox 562 532 710 597; x_wconf 84' lang='lat' dir='ltr'>cenabis</span> <span class='ocrx_word' id='word_1_6' title='bbox 738 529 868 620; x_wconf 70' lang='lat' dir='ltr'>Rhoeti.</span> <span class='ocrx_word' id='word_1_7' title='bbox 914 534 943 593; x_wconf 88' lang='lat' dir='ltr'>et</span> <span class='ocrx_word' id='word_1_8' title='bbox 964 530 1072 594; x_wconf 83' lang='lat' dir='ltr'>aliter:</span> <span class='ocrx_word' id='word_1_9' title='bbox 1101 547 1164 610; x_wconf 76' lang='lat' dir='ltr'>nar</span> <span class='ocrx_word' id='word_1_10' title='bbox 1188 549 1225 594; x_wconf 86' lang='grc'>111</span> <span class='ocrx_word' id='word_1_11' title='bbox 1250 548 1450 596; x_wconf 73' lang='grc'><strong>0100111110</strong></span> 
     </span>
    </p>
   </div>
   <div class='ocr_carea' id='block_1_3' title="bbox 114 636 1455 3402">
    <p class='ocr_par' dir='ltr' id='par_1_3' title="bbox 173 636 1453 939">
     <span class='ocr_line' id='line_1_3' title="bbox 175 636 1452 723; baseline -0.002 -18"><span class='ocrx_word' id='word_1_12' title='bbox 175 659 329 705; x_wconf 74' lang='lat' dir='ltr'>nnervul</span> <span class='ocrx_word' id='word_1_13' title='bbox 353 657 384 704; x_wconf 77' lang='lat' dir='ltr'>a.</span> <span class='ocrx_word' id='word_1_14' title='bbox 408 659 440 704; x_wconf 84' lang='lat' dir='ltr'>v.</span> <span class='ocrx_word' id='word_1_15' title='bbox 464 656 494 704; x_wconf 90' lang='lat' dir='ltr'>c.</span> <span class='ocrx_word' id='word_1_16' title='bbox 517 658 547 702; x_wconf 87' lang='lat' dir='ltr'>P.</span> <span class='ocrx_word' id='word_1_17' title='bbox 571 637 754 722; x_wconf 78' lang='lat' dir='ltr'>Carpathos</span> <span class='ocrx_word' id='word_1_18' title='bbox 777 638 884 701; x_wconf 90' lang='lat' dir='ltr'>insula</span> <span class='ocrx_word' id='word_1_19' title='bbox 907 639 957 699; x_wconf 90' lang='lat' dir='ltr'>est</span> <span class='ocrx_word' id='word_1_20' title='bbox 980 640 1094 699; x_wconf 89' lang='lat' dir='ltr'>eontra</span> <span class='ocrx_word' id='word_1_21' title='bbox 1117 636 1321 722; x_wconf 81' lang='lat' dir='ltr'>Aegyptum,</span> <span class='ocrx_word' id='word_1_22' title='bbox 1344 660 1366 703; x_wconf 89' lang='lat' dir='ltr'>a</span> <span class='ocrx_word' id='word_1_23' title='bbox 1386 660 1452 723; x_wconf 88' lang='lat' dir='ltr'>qua</span> 
     </span>
     <span class='ocr_line' id='line_1_4' title="bbox 173 743 1453 833; baseline -0.002 -21"><span class='ocrx_word' id='word_1_24' title='bbox 173 748 313 813; x_wconf 85' lang='lat' dir='ltr'>vicinum</span> <span class='ocrx_word' id='word_1_25' title='bbox 336 748 474 833; x_wconf 84' lang='lat' dir='ltr'>pelagus</span> <span class='ocrx_word' id='word_1_26' title='bbox 498 745 712 830; x_wconf 77' lang='lat' dir='ltr'>Carpathium</span> <span class='ocrx_word' id='word_1_27' title='bbox 736 744 935 828; x_wconf 87' lang='lat' dir='ltr'>appellatum</span> <span class='ocrx_word' id='word_1_28' title='bbox 960 746 1017 807; x_wconf 90' lang='lat' dir='ltr'>est.</span> <span class='ocrx_word' id='word_1_29' title='bbox 1063 743 1116 807; x_wconf 88' lang='lat' dir='ltr'>hic</span> <span class='ocrx_word' id='word_1_30' title='bbox 1140 743 1314 827; x_wconf 89' lang='lat' dir='ltr'>aliquando</span> <span class='ocrx_word' id='word_1_31' title='bbox 1338 765 1453 829; x_wconf 77' lang='lat' dir='ltr'>regna-</span> 
     </span>
     <span class='ocr_line' id='line_1_5' title="bbox 174 849 1450 939; baseline -0.002 -20"><span class='ocrx_word' id='word_1_32' title='bbox 174 856 222 919; x_wconf 88' lang='lat' dir='ltr'>vit</span> <span class='ocrx_word' id='word_1_33' title='bbox 250 855 401 939; x_wconf 90' lang='lat' dir='ltr'>Proteus,</span> <span class='ocrx_word' id='word_1_34' title='bbox 433 854 548 918; x_wconf 79' lang='lat' dir='ltr'>relicta</span> <span class='ocrx_word' id='word_1_35' title='bbox 575 853 721 936; x_wconf 82' lang='lat' dir='ltr'>Pallene,</span> <span class='ocrx_word' id='word_1_36' title='bbox 753 850 884 916; x_wconf 83' lang='lat' dir='ltr'>civitate</span> <span class='ocrx_word' id='word_1_37' title='bbox 907 850 1110 931; x_wconf 85' lang='lat' dir='ltr'>Thessaliae,</span> <span class='ocrx_word' id='word_1_38' title='bbox 1143 849 1184 912; x_wconf 88' lang='lat' dir='ltr'>ad</span> <span class='ocrx_word' id='word_1_39' title='bbox 1214 871 1310 932; x_wconf 87' lang='lat' dir='ltr'>quarn</span> <span class='ocrx_word' id='word_1_40' title='bbox 1338 856 1450 916; x_wconf 85' lang='lat' dir='ltr'>tamen</span> 
     </span>
    </p>

    <p class='ocr_par' dir='ltr' id='par_1_4' title="bbox 140 956 1454 1152">
     <span class='ocr_line' id='line_1_6' title="bbox 140 956 1454 1045; baseline -0.004 -18"><span class='ocrx_word' id='word_1_41' title='bbox 140 979 156 1027; x_wconf 83' lang='grc'><strong>0</strong></span> <span class='ocrx_word' id='word_1_42' title='bbox 175 983 326 1026; x_wconf 88' lang='lat' dir='ltr'>reversus</span> <span class='ocrx_word' id='word_1_43' title='bbox 345 965 396 1024; x_wconf 89' lang='lat' dir='ltr'>est</span> <span class='ocrx_word' id='word_1_44' title='bbox 414 964 542 1045; x_wconf 87' lang='lat' dir='ltr'>postea:</span> <span class='ocrx_word' id='word_1_45' title='bbox 566 960 650 1045; x_wconf 90' lang='lat' dir='ltr'>quod</span> <span class='ocrx_word' id='word_1_46' title='bbox 670 958 814 1023; x_wconf 76' lang='lat' dir='ltr'>ostendit</span> <span class='ocrx_word' id='word_1_47' title='bbox 831 958 893 1022; x_wconf 88' lang='lat' dir='ltr'>hoe</span> <span class='ocrx_word' id='word_1_48' title='bbox 911 959 983 1022; x_wconf 89' lang='grc'><strong>1000</strong></span> <span class='ocrx_word' id='word_1_49' title='bbox 998 957 1115 1041; x_wconf 80' lang='grc'><strong>&lt;389&gt;,</strong></span> <span class='ocrx_word' id='word_1_50' title='bbox 1134 956 1243 1020; x_wconf 90' lang='lat' dir='ltr'>dieens</span> <span class='ocrx_word' id='word_1_51' title='bbox 1266 958 1454 1040; x_wconf 87' lang='lat' dir='ltr'>patriam·</span> 
     </span>
     <span class='ocr_line' id='line_1_7' title="bbox 173 1066 629 1152; baseline -0.002 -19"><span class='ocrx_word' id='word_1_52' title='bbox 173 1090 244 1152; x_wconf 92' lang='lat' dir='ltr'>que</span> <span class='ocrx_word' id='word_1_53' title='bbox 267 1067 410 1132; x_wconf 88' lang='lat' dir='ltr'>revisit</span> <span class='ocrx_word' id='word_1_54' title='bbox 433 1066 629 1132; x_wconf 86' lang='lat' dir='ltr'>Pallenen.</span> 
     </span>
    </p>

    <p class='ocr_par' dir='ltr' id='par_1_5' title="bbox 173 1176 1455 1472">
     <span class='ocr_line' id='line_1_8' title="bbox 262 1176 1455 1251; baseline -0.002 -12"><span class='ocrx_word' id='word_1_55' title='bbox 262 1176 337 1241; x_wconf 88' lang='grc'><strong>387.</strong></span> <span class='ocrx_word' id='word_1_56' title='bbox 374 1192 524 1239; x_wconf 74' lang='lat' dir='ltr'>aaaron</span> <span class='ocrx_word' id='word_1_57' title='bbox 548 1192 608 1251; x_wconf 75' lang='lat' dir='ltr'>avr</span> <span class='ocrx_word' id='word_1_58' title='bbox 632 1190 785 1239; x_wconf 78' lang='lat' dir='ltr'>ersmers</span> <span class='ocrx_word' id='word_1_59' title='bbox 808 1188 950 1249; x_wconf 77' lang='lat' dir='ltr'>suavos</span> <span class='ocrx_word' id='word_1_60' title='bbox 973 1194 1016 1234; x_wconf 79' lang='lat' dir='ltr'>rr</span> <span class='ocrx_word' id='word_1_61' title='bbox 1038 1193 1149 1236; x_wconf 75' lang='lat' dir='ltr'>irrora</span> <span class='ocrx_word' id='word_1_62' title='bbox 1173 1191 1325 1235; x_wconf 79' lang='lat' dir='ltr'>arrrnrn</span> <span class='ocrx_word' id='word_1_63' title='bbox 1345 1193 1455 1237; x_wconf 75' lang='lat' dir='ltr'>araur</span> 
     </span>
     <span class='ocr_line' id='line_1_9' title="bbox 173 1279 1452 1366; baseline -0.001 -20"><span class='ocrx_word' id='word_1_64' title='bbox 173 1304 315 1346; x_wconf 74' lang='lat' dir='ltr'>narrare</span> <span class='ocrx_word' id='word_1_65' title='bbox 337 1305 366 1346; x_wconf 82' lang='lat' dir='ltr'>s.</span> <span class='ocrx_word' id='word_1_66' title='bbox 396 1282 470 1366; x_wconf 92' lang='lat' dir='ltr'>equi</span> <span class='ocrx_word' id='word_1_67' title='bbox 499 1282 584 1345; x_wconf 92' lang='lat' dir='ltr'>enim</span> <span class='ocrx_word' id='word_1_68' title='bbox 614 1281 732 1344; x_wconf 87' lang='lat' dir='ltr'>marini</span> <span class='ocrx_word' id='word_1_69' title='bbox 757 1281 861 1364; x_wconf 88' lang='lat' dir='ltr'>prima</span> <span class='ocrx_word' id='word_1_70' title='bbox 884 1283 978 1363; x_wconf 88' lang='lat' dir='ltr'>parte</span> <span class='ocrx_word' id='word_1_71' title='bbox 1002 1279 1076 1361; x_wconf 89' lang='lat' dir='ltr'>equi</span> <span class='ocrx_word' id='word_1_72' title='bbox 1100 1283 1189 1363; x_wconf 91' lang='lat' dir='ltr'>sunt,</span> <span class='ocrx_word' id='word_1_73' title='bbox 1212 1282 1380 1363; x_wconf 89' lang='lat' dir='ltr'>postrema</span> <span class='ocrx_word' id='word_1_74' title='bbox 1401 1302 1452 1345; x_wconf 91' lang='lat' dir='ltr'>re·</span> 
     </span>
     <span class='ocr_line' id='line_1_10' title="bbox 173 1387 1315 1472; baseline -0.003 -18"><span class='ocrx_word' id='word_1_75' title='bbox 173 1390 344 1454; x_wconf 87' lang='lat' dir='ltr'>solvuntur</span> <span class='ocrx_word' id='word_1_76' title='bbox 367 1390 402 1452; x_wconf 93' lang='lat' dir='ltr'>in</span> <span class='ocrx_word' id='word_1_77' title='bbox 424 1388 538 1472; x_wconf 83' lang='lat' dir='ltr'>pisces.</span> <span class='ocrx_word' id='word_1_78' title='bbox 584 1393 613 1451; x_wconf 91' lang='lat' dir='ltr'>et</span> <span class='ocrx_word' id='word_1_79' title='bbox 634 1388 741 1451; x_wconf 85' lang='lat' dir='ltr'>aliter:</span> <span class='ocrx_word' id='word_1_80' title='bbox 764 1388 881 1451; x_wconf 85' lang='lat' dir='ltr'>casdem</span> <span class='ocrx_word' id='word_1_81' title='bbox 904 1391 933 1450; x_wconf 90' lang='lat' dir='ltr'>et</span> <span class='ocrx_word' id='word_1_82' title='bbox 950 1387 1048 1468; x_wconf 87' lang='lat' dir='ltr'>pisces</span> <span class='ocrx_word' id='word_1_83' title='bbox 1070 1391 1100 1449; x_wconf 92' lang='lat' dir='ltr'>et</span> <span class='ocrx_word' id='word_1_84' title='bbox 1120 1406 1209 1467; x_wconf 69' lang='lat' dir='ltr'>apuos</span> <span class='ocrx_word' id='word_1_85' title='bbox 1233 1388 1315 1451; x_wconf 86' lang='lat' dir='ltr'>dicit.</span> 
     </span>
    </p>

    <p class='ocr_par' dir='ltr' id='par_1_6' title="bbox 122 1493 1451 2007">
     <span class='ocr_line' id='line_1_11' title="bbox 122 1493 1451 1579; baseline -0.004 -15"><span class='ocrx_word' id='word_1_86' title='bbox 122 1516 154 1564; x_wconf 89' lang='lat'>10</span> <span class='ocrx_word' id='word_1_87' title='bbox 262 1498 336 1561; x_wconf 84' lang='lat'><strong>390.</strong></span> <span class='ocrx_word' id='word_1_88' title='bbox 373 1518 539 1560; x_wconf 69' lang='lat' dir='ltr'>perrarus</span> <span class='ocrx_word' id='word_1_89' title='bbox 559 1496 614 1560; x_wconf 88' lang='lat' dir='ltr'>hoc</span> <span class='ocrx_word' id='word_1_90' title='bbox 635 1496 701 1559; x_wconf 82' lang='lat' dir='ltr'>idea</span> <span class='ocrx_word' id='word_1_91' title='bbox 724 1495 819 1577; x_wconf 83' lang='lat' dir='ltr'>dicit,</span> <span class='ocrx_word' id='word_1_92' title='bbox 841 1493 917 1574; x_wconf 80' lang='lat' dir='ltr'>prtia</span> <span class='ocrx_word' id='word_1_93' title='bbox 939 1493 1081 1572; x_wconf 87' lang='lat' dir='ltr'>Proteus,</span> <span class='ocrx_word' id='word_1_94' title='bbox 1103 1499 1267 1575; x_wconf 75' lang='lat' dir='ltr'>anhquam</span> <span class='ocrx_word' id='word_1_95' title='bbox 1289 1495 1324 1558; x_wconf 92' lang='lat' dir='ltr'>in</span> <span class='ocrx_word' id='word_1_96' title='bbox 1347 1495 1451 1579; x_wconf 78' lang='lat' dir='ltr'>Aepy-</span> 
     </span>
     <span class='ocr_line' id='line_1_12' title="bbox 168 1599 1451 1687; baseline -0.002 -19"><span class='ocrx_word' id='word_1_97' title='bbox 168 1609 260 1686; x_wconf 89' lang='lat' dir='ltr'>ptum</span> <span class='ocrx_word' id='word_1_98' title='bbox 281 1606 507 1687; x_wconf 81' lang='lat' dir='ltr'>cammipraret,</span> <span class='ocrx_word' id='word_1_99' title='bbox 541 1603 696 1667; x_wconf 78' lang='lat' dir='ltr'>Thraciae</span> <span class='ocrx_word' id='word_1_100' title='bbox 716 1602 780 1682; x_wconf 82' lang='lat' dir='ltr'>fuit</span> <span class='ocrx_word' id='word_1_101' title='bbox 802 1600 917 1683; x_wconf 74' lang='lat' dir='ltr'>incolet,</span> <span class='ocrx_word' id='word_1_102' title='bbox 942 1599 997 1663; x_wconf 77' lang='lat' dir='ltr'>ruhi</span> <span class='ocrx_word' id='word_1_103' title='bbox 1018 1600 1128 1664; x_wconf 81' lang='lat' dir='ltr'>hahuit</span> <span class='ocrx_word' id='word_1_104' title='bbox 1148 1621 1275 1665; x_wconf 81' lang='lat' dir='ltr'>numam</span> <span class='ocrx_word' id='word_1_105' title='bbox 1300 1601 1451 1686; x_wconf 84' lang='lat' dir='ltr'>Toronen,</span> 
     </span>
     <span class='ocr_line' id='line_1_13' title="bbox 171 1707 1450 1794; baseline -0.002 -19"><span class='ocrx_word' id='word_1_106' title='bbox 171 1711 254 1792; x_wconf 70' lang='lat' dir='ltr'>[ilios</span> <span class='ocrx_word' id='word_1_107' title='bbox 278 1710 460 1794; x_wconf 78' lang='lat' dir='ltr'>Tetcpanum</span> <span class='ocrx_word' id='word_1_108' title='bbox 482 1714 511 1774; x_wconf 90' lang='lat' dir='ltr'>et</span> <span class='ocrx_word' id='word_1_109' title='bbox 533 1709 734 1793; x_wconf 83' lang='lat' dir='ltr'>Patpponum.</span> <span class='ocrx_word' id='word_1_110' title='bbox 766 1709 820 1790; x_wconf 79' lang='lat' dir='ltr'>qui</span> <span class='ocrx_word' id='word_1_111' title='bbox 842 1728 911 1772; x_wconf 91' lang='lat' dir='ltr'>cum</span> <span class='ocrx_word' id='word_1_112' title='bbox 934 1708 1068 1771; x_wconf 80' lang='lat' dir='ltr'>aduenas</span> <span class='ocrx_word' id='word_1_113' title='bbox 1091 1707 1203 1771; x_wconf 85' lang='lat' dir='ltr'>luctari</span> <span class='ocrx_word' id='word_1_114' title='bbox 1224 1728 1324 1773; x_wconf 87' lang='lat' dir='ltr'>secum</span> <span class='ocrx_word' id='word_1_115' title='bbox 1347 1710 1450 1792; x_wconf 85' lang='lat' dir='ltr'>adipe·</span> 
     </span>
     <span class='ocr_line' id='line_1_14' title="bbox 173 1815 1450 1900; baseline 0 -20"><span class='ocrx_word' id='word_1_116' title='bbox 173 1822 242 1882; x_wconf 90' lang='lat' dir='ltr'>rent</span> <span class='ocrx_word' id='word_1_117' title='bbox 262 1822 291 1881; x_wconf 90' lang='lat' dir='ltr'>et</span> <span class='ocrx_word' id='word_1_118' title='bbox 312 1819 535 1900; x_wconf 78' lang='lat' dir='ltr'>aamruiarent,</span> <span class='ocrx_word' id='word_1_119' title='bbox 557 1818 601 1881; x_wconf 87' lang='lat' dir='ltr'>ad</span> <span class='ocrx_word' id='word_1_120' title='bbox 616 1821 808 1898; x_wconf 91' lang='lat' dir='ltr'>postremum</span> <span class='ocrx_word' id='word_1_121' title='bbox 831 1816 903 1879; x_wconf 85' lang='lat' dir='ltr'>uicti</span> <span class='ocrx_word' id='word_1_122' title='bbox 925 1819 954 1877; x_wconf 86' lang='lat' dir='ltr'>et</span> <span class='ocrx_word' id='word_1_123' title='bbox 975 1815 1149 1896; x_wconf 76' lang='lat' dir='ltr'>interempti</span> <span class='ocrx_word' id='word_1_124' title='bbox 1170 1815 1209 1879; x_wconf 85' lang='lat' dir='ltr'>ah</span> <span class='ocrx_word' id='word_1_125' title='bbox 1223 1815 1357 1880; x_wconf 77' lang='lat' dir='ltr'>Hercule</span> <span class='ocrx_word' id='word_1_126' title='bbox 1378 1817 1450 1881; x_wconf 92' lang='lat' dir='ltr'>ani-</span> 
     </span>
     <span class='ocr_line' id='line_1_15' title="bbox 173 1923 1450 2007; baseline -0.001 -19"><span class='ocrx_word' id='word_1_127' title='bbox 173 1944 258 1988; x_wconf 91' lang='lat' dir='ltr'>mum</span> <span class='ocrx_word' id='word_1_128' title='bbox 281 1926 387 2006; x_wconf 90' lang='lat' dir='ltr'>patris</span> <span class='ocrx_word' id='word_1_129' title='bbox 410 1924 616 2007; x_wconf 88' lang='lat' dir='ltr'>pereuterunt.</span> <span class='ocrx_word' id='word_1_130' title='bbox 668 1928 853 2006; x_wconf 73' lang='lat' dir='ltr'>quamopter</span> <span class='ocrx_word' id='word_1_131' title='bbox 882 1942 952 1986; x_wconf 91' lang='lat' dir='ltr'>cum</span> <span class='ocrx_word' id='word_1_132' title='bbox 982 1923 1080 1986; x_wconf 85' lang='lat' dir='ltr'>taedia</span> <span class='ocrx_word' id='word_1_133' title='bbox 1104 1924 1316 2003; x_wconf 90' lang='lat' dir='ltr'>praesentium</span> <span class='ocrx_word' id='word_1_134' title='bbox 1345 1943 1450 1987; x_wconf 87' lang='lat' dir='ltr'>rerum</span> 
     </span>
    </p>

    <p class='ocr_par' dir='ltr' id='par_1_7' title="bbox 116 2029 1450 2539">
     <span class='ocr_line' id='line_1_16' title="bbox 116 2029 1449 2114; baseline -0.003 -16"><span class='ocrx_word' id='word_1_135' title='bbox 116 2050 149 2098; x_wconf 83' lang='lat' dir='ltr'>rs</span> <span class='ocrx_word' id='word_1_136' title='bbox 173 2031 259 2095; x_wconf 83' lang='lat' dir='ltr'>veltet</span> <span class='ocrx_word' id='word_1_137' title='bbox 281 2032 379 2095; x_wconf 88' lang='lat' dir='ltr'>sotum</span> <span class='ocrx_word' id='word_1_138' title='bbox 401 2035 527 2114; x_wconf 85' lang='lat' dir='ltr'>vertere,</span> <span class='ocrx_word' id='word_1_139' title='bbox 551 2031 714 2112; x_wconf 76' lang='lat' dir='ltr'>Neptunus</span> <span class='ocrx_word' id='word_1_140' title='bbox 736 2031 800 2094; x_wconf 86' lang='lat' dir='ltr'>ittie</span> <span class='ocrx_word' id='word_1_141' title='bbox 818 2029 919 2094; x_wconf 82' lang='lat' dir='ltr'>subter</span> <span class='ocrx_word' id='word_1_142' title='bbox 937 2050 1023 2093; x_wconf 90' lang='lat' dir='ltr'>mare</span> <span class='ocrx_word' id='word_1_143' title='bbox 1039 2048 1160 2110; x_wconf 84' lang='lat' dir='ltr'>speacm</span> <span class='ocrx_word' id='word_1_144' title='bbox 1176 2029 1260 2108; x_wconf 86' lang='lat' dir='ltr'>fecit,</span> <span class='ocrx_word' id='word_1_145' title='bbox 1277 2050 1449 2112; x_wconf 81' lang='lat' dir='ltr'>perquam</span> 
     </span>
     <span class='ocr_line' id='line_1_17' title="bbox 171 2135 1450 2222; baseline 0.002 -22"><span class='ocrx_word' id='word_1_146' title='bbox 171 2138 206 2201; x_wconf 88' lang='lat' dir='ltr'>iu</span> <span class='ocrx_word' id='word_1_147' title='bbox 237 2138 410 2222; x_wconf 79' lang='lat' dir='ltr'>Aepyptum</span> <span class='ocrx_word' id='word_1_148' title='bbox 442 2157 622 2202; x_wconf 81' lang='lat' dir='ltr'>commeasse</span> <span class='ocrx_word' id='word_1_149' title='bbox 653 2139 775 2202; x_wconf 87' lang='lat' dir='ltr'>dieitur.</span> <span class='ocrx_word' id='word_1_150' title='bbox 825 2135 952 2200; x_wconf 85' lang='lat' dir='ltr'>Pallene</span> <span class='ocrx_word' id='word_1_151' title='bbox 984 2141 1086 2201; x_wconf 91' lang='lat' dir='ltr'>autem</span> <span class='ocrx_word' id='word_1_152' title='bbox 1118 2141 1162 2200; x_wconf 87' lang='lat' dir='ltr'>ast</span> <span class='ocrx_word' id='word_1_153' title='bbox 1191 2135 1383 2202; x_wconf 89' lang='lat' dir='ltr'>chersonesus</span> <span class='ocrx_word' id='word_1_154' title='bbox 1414 2139 1450 2202; x_wconf 92' lang='lat' dir='ltr'>in</span> 
     </span>
     <span class='ocr_line' id='line_1_18' title="bbox 170 2242 1448 2326; baseline 0.001 -19"><span class='ocrx_word' id='word_1_155' title='bbox 170 2243 322 2322; x_wconf 78' lang='lat' dir='ltr'>Thracia,</span> <span class='ocrx_word' id='word_1_156' title='bbox 350 2245 438 2309; x_wconf 90' lang='lat' dir='ltr'>cuius</span> <span class='ocrx_word' id='word_1_157' title='bbox 464 2245 499 2307; x_wconf 87' lang='lat' dir='ltr'>in</span> <span class='ocrx_word' id='word_1_158' title='bbox 524 2245 668 2325; x_wconf 35' lang='lat' dir='ltr'>fasianus</span> <span class='ocrx_word' id='word_1_159' title='bbox 695 2245 812 2309; x_wconf 82' lang='lat' dir='ltr'>Torone</span> <span class='ocrx_word' id='word_1_160' title='bbox 839 2248 883 2308; x_wconf 90' lang='lat' dir='ltr'>est</span> <span class='ocrx_word' id='word_1_161' title='bbox 904 2244 1063 2326; x_wconf 63' lang='lat' dir='ltr'>amictum,</span> <span class='ocrx_word' id='word_1_162' title='bbox 1093 2243 1132 2307; x_wconf 84' lang='lat' dir='ltr'>ah</span> <span class='ocrx_word' id='word_1_163' title='bbox 1154 2263 1250 2307; x_wconf 81' lang='lat' dir='ltr'>unare</span> <span class='ocrx_word' id='word_1_164' title='bbox 1272 2242 1379 2308; x_wconf 86' lang='lat' dir='ltr'>Protei</span> <span class='ocrx_word' id='word_1_165' title='bbox 1402 2264 1448 2308; x_wconf 79' lang='lat' dir='ltr'>ca</span> 
     </span>
     <span class='ocr_line' id='line_1_19' title="bbox 165 2351 1448 2436; baseline 0.001 -22"><span class='ocrx_word' id='word_1_166' title='bbox 165 2353 389 2432; x_wconf 86' lang='lat' dir='ltr'>puominaturn.</span> <span class='ocrx_word' id='word_1_167' title='bbox 441 2352 623 2436; x_wconf 74' lang='lat' dir='ltr'>Emathiae,</span> <span class='ocrx_word' id='word_1_168' title='bbox 655 2354 690 2418; x_wconf 85' lang='lat' dir='ltr'>id</span> <span class='ocrx_word' id='word_1_169' title='bbox 717 2357 762 2417; x_wconf 88' lang='lat' dir='ltr'>est</span> <span class='ocrx_word' id='word_1_170' title='bbox 789 2352 1003 2428; x_wconf 75' lang='lat' dir='ltr'>Macedoniae,</span> <span class='ocrx_word' id='word_1_171' title='bbox 1032 2355 1195 2435; x_wconf 88' lang='lat' dir='ltr'>propterea</span> <span class='ocrx_word' id='word_1_172' title='bbox 1224 2352 1366 2415; x_wconf 89' lang='lat' dir='ltr'>meminit</span> <span class='ocrx_word' id='word_1_173' title='bbox 1393 2351 1448 2415; x_wconf 87' lang='lat' dir='ltr'>hac</span> 
     </span>
     <span class='ocr_line' id='line_1_20' title="bbox 167 2457 1447 2539; baseline 0.001 -18"><span class='ocrx_word' id='word_1_174' title='bbox 167 2457 244 2536; x_wconf 85' lang='lat' dir='ltr'>lom,</span> <span class='ocrx_word' id='word_1_175' title='bbox 267 2459 343 2539; x_wconf 82' lang='lat' dir='ltr'>quia</span> <span class='ocrx_word' id='word_1_176' title='bbox 365 2459 555 2522; x_wconf 76' lang='lat' dir='ltr'>cantamina</span> <span class='ocrx_word' id='word_1_177' title='bbox 576 2463 621 2523; x_wconf 86' lang='lat' dir='ltr'>est</span> <span class='ocrx_word' id='word_1_178' title='bbox 641 2459 802 2523; x_wconf 80' lang='lat' dir='ltr'>Thraciae.</span> <span class='ocrx_word' id='word_1_179' title='bbox 840 2458 900 2522; x_wconf 89' lang='lat' dir='ltr'>atii</span> <span class='ocrx_word' id='word_1_180' title='bbox 922 2459 981 2521; x_wconf 90' lang='lat' dir='ltr'>sic:</span> <span class='ocrx_word' id='word_1_181' title='bbox 1005 2457 1132 2523; x_wconf 83' lang='lat' dir='ltr'>Pallene</span> <span class='ocrx_word' id='word_1_182' title='bbox 1154 2458 1260 2522; x_wconf 83' lang='lat' dir='ltr'>insuta</span> <span class='ocrx_word' id='word_1_183' title='bbox 1281 2459 1447 2522; x_wconf 86' lang='lat' dir='ltr'>secundum</span> 
     </span>
    </p>

    <p class='ocr_par' dir='ltr' id='par_1_8' title="bbox 114 2563 1448 2862">
     <span class='ocr_line' id='line_1_21' title="bbox 114 2563 1448 2648; baseline -0.001 -16"><span class='ocrx_word' id='word_1_184' title='bbox 114 2586 148 2634; x_wconf 81' lang='lat' dir='ltr'>eo</span> <span class='ocrx_word' id='word_1_185' title='bbox 170 2563 439 2648; x_wconf 83' lang='lat' dir='ltr'>Thermodontem,</span> <span class='ocrx_word' id='word_1_186' title='bbox 461 2566 544 2630; x_wconf 86' lang='lat' dir='ltr'>dicta</span> <span class='ocrx_word' id='word_1_187' title='bbox 566 2586 587 2629; x_wconf 93' lang='lat' dir='ltr'>a</span> <span class='ocrx_word' id='word_1_188' title='bbox 610 2565 750 2642; x_wconf 83' lang='lat' dir='ltr'>Patiens,</span> <span class='ocrx_word' id='word_1_189' title='bbox 773 2564 914 2629; x_wconf 71' lang='lat' dir='ltr'>Sitlmnis</span> <span class='ocrx_word' id='word_1_190' title='bbox 935 2565 1022 2645; x_wconf 75' lang='lat' dir='ltr'>pta·</span> <span class='ocrx_word' id='word_1_191' title='bbox 1044 2585 1122 2646; x_wconf 78' lang='lat' dir='ltr'>qum</span> <span class='ocrx_word' id='word_1_192' title='bbox 1144 2585 1227 2628; x_wconf 90' lang='lat' dir='ltr'>nunc</span> <span class='ocrx_word' id='word_1_193' title='bbox 1241 2563 1448 2630; x_wconf 77' lang='lat' dir='ltr'>Chersonesus</span> 
     </span>
     <span class='ocr_line' id='line_1_22' title="bbox 167 2671 1448 2756; baseline -0.001 -19"><span class='ocrx_word' id='word_1_194' title='bbox 167 2677 301 2737; x_wconf 88' lang='lat' dir='ltr'>uocatur.</span> <span class='ocrx_word' id='word_1_195' title='bbox 337 2672 417 2737; x_wconf 92' lang='lat' dir='ltr'>hanc</span> <span class='ocrx_word' id='word_1_196' title='bbox 439 2672 570 2738; x_wconf 88' lang='lat' dir='ltr'>Proteus</span> <span class='ocrx_word' id='word_1_197' title='bbox 592 2674 761 2756; x_wconf 79' lang='lat' dir='ltr'>quondam,</span> <span class='ocrx_word' id='word_1_198' title='bbox 779 2676 905 2755; x_wconf 89' lang='lat' dir='ltr'>propter</span> <span class='ocrx_word' id='word_1_199' title='bbox 928 2671 1090 2736; x_wconf 73' lang='lat' dir='ltr'>Busiridis</span> <span class='ocrx_word' id='word_1_200' title='bbox 1112 2672 1320 2736; x_wconf 78' lang='lat' dir='ltr'>crudelitatem</span> <span class='ocrx_word' id='word_1_201' title='bbox 1341 2673 1448 2736; x_wconf 83' lang='lat' dir='ltr'>relicta</span> 
     </span>
     <span class='ocr_line' id='line_1_23' title="bbox 167 2771 536 2862; baseline 0.003 -19"><span class='ocrx_word' id='word_1_202' title='bbox 167 2780 318 2862; x_wconf 71' lang='lat' dir='ltr'>Aepppta</span> <span class='ocrx_word' id='word_1_203' title='bbox 335 2781 435 2862; x_wconf 89' lang='lat' dir='ltr'>petiit.</span> <span class='ocrx_word' id='word_1_204' title='bbox 532 2771 536 2776; x_wconf 70' lang='grc'>’</span> 
     </span>
    </p>

    <p class='ocr_par' dir='ltr' id='par_1_9' title="bbox 167 2887 1448 3077">
     <span class='ocr_line' id='line_1_24' title="bbox 256 2887 1448 2968; baseline 0.001 -17"><span class='ocrx_word' id='word_1_205' title='bbox 256 2887 330 2951; x_wconf 91' lang='grc'><strong>391.</strong></span> <span class='ocrx_word' id='word_1_206' title='bbox 370 2908 580 2952; x_wconf 66' lang='lat' dir='ltr'>erraremus</span> <span class='ocrx_word' id='word_1_207' title='bbox 610 2909 732 2952; x_wconf 72' lang='lat' dir='ltr'>ananus</span> <span class='ocrx_word' id='word_1_208' title='bbox 764 2888 883 2952; x_wconf 85' lang='lat' dir='ltr'>Nereus</span> <span class='ocrx_word' id='word_1_209' title='bbox 914 2887 1010 2952; x_wconf 87' lang='lat' dir='ltr'>Ponti</span> <span class='ocrx_word' id='word_1_210' title='bbox 1041 2893 1069 2951; x_wconf 87' lang='lat' dir='ltr'>et</span> <span class='ocrx_word' id='word_1_211' title='bbox 1098 2887 1212 2951; x_wconf 79' lang='lat' dir='ltr'>Terrae</span> <span class='ocrx_word' id='word_1_212' title='bbox 1243 2887 1342 2968; x_wconf 68' lang='lat' dir='ltr'>pitius,</span> <span class='ocrx_word' id='word_1_213' title='bbox 1373 2887 1448 2952; x_wconf 86' lang='lat' dir='ltr'>deus</span> 
     </span>
     <span class='ocr_line' id='line_1_25' title="bbox 167 2992 903 3077; baseline 0 -19"><span class='ocrx_word' id='word_1_214' title='bbox 167 2995 274 3058; x_wconf 86' lang='lat' dir='ltr'>maris.</span> <span class='ocrx_word' id='word_1_215' title='bbox 320 2992 412 3060; x_wconf 90' lang='lat' dir='ltr'>huius</span> <span class='ocrx_word' id='word_1_216' title='bbox 435 3001 463 3058; x_wconf 93' lang='lat' dir='ltr'>et</span> <span class='ocrx_word' id='word_1_217' title='bbox 484 2994 621 3060; x_wconf 88' lang='lat' dir='ltr'>Doridos</span> <span class='ocrx_word' id='word_1_218' title='bbox 642 2996 727 3077; x_wconf 68' lang='lat' dir='ltr'>[iliae</span> <span class='ocrx_word' id='word_1_219' title='bbox 750 2994 903 3059; x_wconf 86' lang='lat' dir='ltr'>Nereides.</span> 
     </span>
    </p>

    <p class='ocr_par' dir='ltr' id='par_1_10' title="bbox 116 3100 1445 3293">
     <span class='ocr_line' id='line_1_26' title="bbox 116 3100 1445 3186; baseline -0.002 -17"><span class='ocrx_word' id='word_1_220' title='bbox 116 3121 149 3169; x_wconf 80' lang='grc'>90</span> <span class='ocrx_word' id='word_1_221' title='bbox 257 3100 331 3164; x_wconf 81' lang='grc'><strong>399.</strong></span> <span class='ocrx_word' id='word_1_222' title='bbox 368 3118 460 3177; x_wconf 68' lang='lat' dir='ltr'>oven</span> <span class='ocrx_word' id='word_1_223' title='bbox 489 3120 569 3167; x_wconf 67' lang='lat' dir='ltr'>surr</span> <span class='ocrx_word' id='word_1_224' title='bbox 598 3119 690 3179; x_wconf 70' lang='lat' dir='ltr'>oven</span> <span class='ocrx_word' id='word_1_225' title='bbox 718 3119 871 3166; x_wconf 78' lang='lat' dir='ltr'>nvnumr</span> <span class='ocrx_word' id='word_1_226' title='bbox 901 3119 1100 3179; x_wconf 67' lang='grc'><strong>0110119.</strong></span> <span class='ocrx_word' id='word_1_227' title='bbox 1134 3101 1296 3167; x_wconf 91' lang='lat' dir='ltr'>Homerus</span> <span class='ocrx_word' id='word_1_228' title='bbox 1321 3101 1357 3177; x_wconf 79' lang='grc' dir='ltr'>ὃς</span> <span class='ocrx_word' id='word_1_229' title='bbox 1379 3100 1445 3186; x_wconf 75' lang='grc' dir='ltr'>ᾔδη</span> 
     </span>
     <span class='ocr_line' id='line_1_27' title="bbox 167 3202 948 3293; baseline 0.004 -22"><span class='ocrx_word' id='word_1_230' title='bbox 167 3208 207 3271; x_wconf 81' lang='grc' dir='ltr'>τά</span> <span class='ocrx_word' id='word_1_231' title='bbox 231 3202 260 3271; x_wconf 85' lang='grc' dir='ltr'>τ’</span> <span class='ocrx_word' id='word_1_232' title='bbox 282 3205 380 3271; x_wconf 80' lang='grc' dir='ltr'><strong><em>ἐόντα</em></strong></span> <span class='ocrx_word' id='word_1_233' title='bbox 402 3209 442 3272; x_wconf 78' lang='grc' dir='ltr'>τά</span> <span class='ocrx_word' id='word_1_234' title='bbox 464 3208 492 3272; x_wconf 86' lang='grc' dir='ltr'>τ’</span> <span class='ocrx_word' id='word_1_235' title='bbox 515 3208 677 3293; x_wconf 80' lang='grc' dir='ltr'><strong><em>ἐσσόμενα</em></strong></span> <span class='ocrx_word' id='word_1_236' title='bbox 700 3210 764 3289; x_wconf 79' lang='grc' dir='ltr'>πρό</span> <span class='ocrx_word' id='word_1_237' title='bbox 787 3204 819 3272; x_wconf 84' lang='grc' dir='ltr'>τ’</span> <span class='ocrx_word' id='word_1_238' title='bbox 842 3206 948 3275; x_wconf 78' lang='grc' dir='ltr'><strong>ἐόντα.</strong></span> 
     </span>
    </p>

    <p class='ocr_par' dir='ltr' id='par_1_11' title="bbox 257 3315 1445 3402">
     <span class='ocr_line' id='line_1_28' title="bbox 257 3315 1445 3402; baseline 0.003 -24"><span class='ocrx_word' id='word_1_239' title='bbox 257 3315 333 3379; x_wconf 88' lang='grc'><strong>393.</strong></span> <span class='ocrx_word' id='word_1_240' title='bbox 369 3333 427 3379; x_wconf 75' lang='lat' dir='ltr'>Ins</span> <span class='ocrx_word' id='word_1_241' title='bbox 450 3333 614 3381; x_wconf 75' lang='lat' dir='ltr'>nnrsvuo</span> <span class='ocrx_word' id='word_1_242' title='bbox 639 3333 832 3389; x_wconf 72' lang='lat' dir='ltr'>vlsvnnsr</span> <span class='ocrx_word' id='word_1_243' title='bbox 862 3317 918 3381; x_wconf 93' lang='lat' dir='ltr'>ubi</span> <span class='ocrx_word' id='word_1_244' title='bbox 952 3317 1043 3382; x_wconf 86' lang='lat' dir='ltr'>deest</span> <span class='ocrx_word' id='word_1_245' title='bbox 1075 3317 1174 3401; x_wconf 88' lang='lat' dir='ltr'>ratio,</span> <span class='ocrx_word' id='word_1_246' title='bbox 1207 3316 1253 3381; x_wconf 87' lang='lat' dir='ltr'>sie</span> <span class='ocrx_word' id='word_1_247' title='bbox 1284 3316 1445 3402; x_wconf 89' lang='lat' dir='ltr'>loquitur:</span> 
     </span>
    </p>
   </div>
   <div class='ocr_carea' id='block_1_4' title="bbox 167 3545 1442 3760">
    <p class='ocr_par' dir='ltr' id='par_1_12' title="bbox 167 3545 1442 3760">
     <span class='ocr_line' id='line_1_29' title="bbox 257 3545 1442 3619; baseline 0.003 -21"><span class='ocrx_word' id='word_1_248' title='bbox 257 3552 272 3598; x_wconf 99' lang='grc'>9</span> <span class='ocrx_word' id='word_1_249' title='bbox 297 3545 453 3614; x_wconf 85' lang='lat' dir='ltr'>Carpathos</span> <span class='ocrx_word' id='word_1_250' title='bbox 476 3546 738 3617; x_wconf 85' lang='lat' dir='ltr'>insula...postea]</span> <span class='ocrx_word' id='word_1_251' title='bbox 768 3562 854 3600; x_wconf 78' lang='lat' dir='ltr'>arser.</span> <span class='ocrx_word' id='word_1_252' title='bbox 878 3545 956 3601; x_wconf 86' lang='lat' dir='ltr'>Luat.</span> <span class='ocrx_word' id='word_1_253' title='bbox 979 3548 1053 3601; x_wconf 88' lang='lat' dir='ltr'>Plaa.</span> <span class='ocrx_word' id='word_1_254' title='bbox 1077 3548 1113 3600; x_wconf 90' lang='lat' dir='ltr'>ad</span> <span class='ocrx_word' id='word_1_255' title='bbox 1137 3546 1209 3600; x_wconf 84' lang='lat' dir='ltr'>Stat.</span> <span class='ocrx_word' id='word_1_256' title='bbox 1235 3545 1304 3602; x_wconf 81' lang='lat' dir='ltr'>Aah.</span> <span class='ocrx_word' id='word_1_257' title='bbox 1328 3546 1341 3599; x_wconf 91' lang='grc' dir='ltr'>Ι</span> <span class='ocrx_word' id='word_1_258' title='bbox 1363 3547 1442 3619; x_wconf 89' lang='grc'><strong>13611</strong></span> 
     </span>
     <span class='ocr_line' id='line_1_30' title="bbox 168 3615 1442 3689; baseline 0.002 -19"><span class='ocrx_word' id='word_1_259' title='bbox 168 3615 340 3686; x_wconf 86' lang='lat' dir='ltr'>Carpathos.</span> <span class='ocrx_word' id='word_1_260' title='bbox 352 3617 560 3685; x_wconf 89' lang='lat' dir='ltr'>..appellatum</span> <span class='ocrx_word' id='word_1_261' title='bbox 578 3617 634 3687; x_wconf 88' lang='lat' dir='ltr'>est]</span> <span class='ocrx_word' id='word_1_262' title='bbox 659 3618 693 3672; x_wconf 85' lang='lat' dir='ltr'>ol.</span> <span class='ocrx_word' id='word_1_263' title='bbox 713 3616 778 3673; x_wconf 88' lang='lat' dir='ltr'>Isid.</span> <span class='ocrx_word' id='word_1_264' title='bbox 798 3635 836 3671; x_wconf 88' lang='lat' dir='ltr'>or.</span> <span class='ocrx_word' id='word_1_265' title='bbox 856 3617 919 3671; x_wconf 86' lang='lat' dir='ltr'>XIV</span> <span class='ocrx_word' id='word_1_266' title='bbox 940 3625 964 3687; x_wconf 84' lang='grc'>6,</span> <span class='ocrx_word' id='word_1_267' title='bbox 979 3624 1014 3672; x_wconf 80' lang='grc'>94</span> <span class='ocrx_word' id='word_1_268' title='bbox 1036 3620 1046 3688; x_wconf 93' lang='grc'>11</span> <span class='ocrx_word' id='word_1_269' title='bbox 1069 3625 1085 3673; x_wconf 90' lang='lat'>8</span> <span class='ocrx_word' id='word_1_270' title='bbox 1105 3619 1169 3686; x_wconf 90' lang='lat' dir='ltr'>equi</span> <span class='ocrx_word' id='word_1_271' title='bbox 1180 3662 1186 3674; x_wconf 94' lang='lat'>.</span> <span class='ocrx_word' id='word_1_272' title='bbox 1197 3618 1334 3689; x_wconf 86' lang='lat' dir='ltr'>..pisees]</span> <span class='ocrx_word' id='word_1_273' title='bbox 1355 3635 1442 3673; x_wconf 83' lang='lat' dir='ltr'>exser.</span> 
     </span>
     <span class='ocr_line' id='line_1_31' title="bbox 167 3688 813 3760; baseline 0.002 -20"><span class='ocrx_word' id='word_1_274' title='bbox 167 3688 232 3743; x_wconf 86' lang='lat' dir='ltr'>Isid.</span> <span class='ocrx_word' id='word_1_275' title='bbox 252 3705 290 3744; x_wconf 85' lang='lat' dir='ltr'>or.</span> <span class='ocrx_word' id='word_1_276' title='bbox 309 3688 507 3756; x_wconf 70' lang='grc'><strong>1111691911</strong></span> <span class='ocrx_word' id='word_1_277' title='bbox 526 3688 674 3760; x_wconf 86' lang='lat' dir='ltr'>Homerus]</span> <span class='ocrx_word' id='word_1_278' title='bbox 694 3688 727 3743; x_wconf 88' lang='grc'>11.</span> <span class='ocrx_word' id='word_1_279' title='bbox 747 3689 758 3740; x_wconf 89' lang='grc' dir='ltr'>Ι</span> <span class='ocrx_word' id='word_1_280' title='bbox 779 3695 813 3743; x_wconf 90' lang='grc'><strong>70</strong></span> 
     </span>
    </p>
   </div>
   <div class='ocr_carea' id='block_1_5' title="bbox 165 3903 1445 4903">
    <p class='ocr_par' dir='ltr' id='par_1_13' title="bbox 165 3903 1445 4903">
     <span class='ocr_line' id='line_1_32' title="bbox 166 3903 1445 3973; baseline 0 -15"><span class='ocrx_word' id='word_1_281' title='bbox 166 3905 208 3959; x_wconf 82' lang='grc'>001</span> <span class='ocrx_word' id='word_1_282' title='bbox 233 3903 329 3958; x_wconf 87' lang='lat' dir='ltr'>abesse</span> <span class='ocrx_word' id='word_1_283' title='bbox 355 3903 381 3956; x_wconf 88' lang='lat' dir='ltr'>d.</span> <span class='ocrx_word' id='word_1_284' title='bbox 406 3920 430 3957; x_wconf 88' lang='lat' dir='ltr'>a.</span> <span class='ocrx_word' id='word_1_285' title='bbox 455 3903 596 3972; x_wconf 82' lang='lat' dir='ltr'>Carpatho</span> <span class='ocrx_word' id='word_1_286' title='bbox 620 3903 712 3958; x_wconf 86' lang='lat' dir='ltr'>insula</span> <span class='ocrx_word' id='word_1_287' title='bbox 736 3905 777 3957; x_wconf 88' lang='lat' dir='ltr'>aet</span> <span class='ocrx_word' id='word_1_288' title='bbox 801 3903 875 3972; x_wconf 90' lang='lat' dir='ltr'>quod</span> <span class='ocrx_word' id='word_1_289' title='bbox 895 3906 1027 3958; x_wconf 84' lang='lat' dir='ltr'>vocatum</span> <span class='ocrx_word' id='word_1_290' title='bbox 1046 3920 1106 3958; x_wconf 87' lang='lat' dir='ltr'>esse</span> <span class='ocrx_word' id='word_1_291' title='bbox 1125 3906 1151 3957; x_wconf 92' lang='lat' dir='ltr'>d.</span> <span class='ocrx_word' id='word_1_292' title='bbox 1172 3921 1196 3958; x_wconf 88' lang='lat' dir='ltr'>a.</span> <span class='ocrx_word' id='word_1_293' title='bbox 1217 3903 1246 3959; x_wconf 88' lang='lat' dir='ltr'>C.</span> <span class='ocrx_word' id='word_1_294' title='bbox 1265 3904 1284 3958; x_wconf 93' lang='lat' dir='ltr'>i.</span> <span class='ocrx_word' id='word_1_295' title='bbox 1309 3905 1400 3973; x_wconf 88' lang='lat' dir='ltr'>possis</span> <span class='ocrx_word' id='word_1_296' title='bbox 1420 3910 1445 3958; x_wconf 87' lang='lat' dir='ltr'>st</span> 
     </span>
     <span class='ocr_line' id='line_1_33' title="bbox 167 3974 1443 4045; baseline 0.002 -16"><span class='ocrx_word' id='word_1_297' title='bbox 167 3978 265 4030; x_wconf 88' lang='lat' dir='ltr'>obesse</span> <span class='ocrx_word' id='word_1_298' title='bbox 284 3974 546 4044; x_wconf 74' lang='lat' dir='ltr'>abicerettlaeillius</span> <span class='ocrx_word' id='word_1_299' title='bbox 571 3975 616 4045; x_wconf 72' lang='lat' dir='ltr'>Vn</span> <span class='ocrx_word' id='word_1_300' title='bbox 631 3974 804 4044; x_wconf 84' lang='lat' dir='ltr'>serphatium</span> <span class='ocrx_word' id='word_1_301' title='bbox 830 3976 876 4045; x_wconf 74' lang='lat' dir='ltr'>Vt!</span> <span class='ocrx_word' id='word_1_302' title='bbox 899 3982 912 4028; x_wconf 94' lang='lat' dir='ltr'>l</span> <span class='ocrx_word' id='word_1_303' title='bbox 933 3976 994 4030; x_wconf 90' lang='lat' dir='ltr'>rodi</span> <span class='ocrx_word' id='word_1_304' title='bbox 1017 3977 1043 4030; x_wconf 90' lang='lat' dir='ltr'><em>V</em></span> <span class='ocrx_word' id='word_1_305' title='bbox 1062 3979 1071 4045; x_wconf 96' lang='grc'>11</span> <span class='ocrx_word' id='word_1_306' title='bbox 1094 3975 1258 4030; x_wconf 85' lang='lat' dir='ltr'>Servianum</span> <span class='ocrx_word' id='word_1_307' title='bbox 1276 3977 1373 4030; x_wconf 86' lang='lat' dir='ltr'>lemma</span> <span class='ocrx_word' id='word_1_308' title='bbox 1392 3992 1443 4031; x_wconf 85' lang='lat' dir='ltr'>om.</span> 
     </span>
     <span class='ocr_line' id='line_1_34' title="bbox 173 4046 1443 4118; baseline 0 -18"><span class='ocrx_word' id='word_1_309' title='bbox 173 4047 249 4115; x_wconf 67' lang='lat' dir='ltr'>Vlla</span> <span class='ocrx_word' id='word_1_310' title='bbox 268 4046 379 4116; x_wconf 85' lang='lat' dir='ltr'>eontra]</span> <span class='ocrx_word' id='word_1_311' title='bbox 396 4046 476 4099; x_wconf 85' lang='lat' dir='ltr'>iuxta</span> <span class='ocrx_word' id='word_1_312' title='bbox 499 4046 576 4115; x_wconf 74' lang='lat' dir='ltr'>Vns</span> <span class='ocrx_word' id='word_1_313' title='bbox 593 4048 727 4116; x_wconf 87' lang='lat' dir='ltr'>protheus</span> <span class='ocrx_word' id='word_1_314' title='bbox 747 4048 812 4100; x_wconf 85' lang='lat' dir='ltr'>iibri</span> <span class='ocrx_word' id='word_1_315' title='bbox 825 4050 834 4115; x_wconf 96' lang='grc'>11</span> <span class='ocrx_word' id='word_1_316' title='bbox 854 4055 869 4100; x_wconf 82' lang='lat'>5</span> <span class='ocrx_word' id='word_1_317' title='bbox 889 4048 976 4118; x_wconf 87' lang='lat' dir='ltr'>quod]</span> <span class='ocrx_word' id='word_1_318' title='bbox 996 4047 1063 4116; x_wconf 87' lang='lat' dir='ltr'>qnia</span> <span class='ocrx_word' id='word_1_319' title='bbox 1087 4047 1133 4117; x_wconf 73' lang='lat' dir='ltr'>Vll</span> <span class='ocrx_word' id='word_1_320' title='bbox 1152 4053 1168 4101; x_wconf 90' lang='grc'><strong>6</strong></span> <span class='ocrx_word' id='word_1_321' title='bbox 1187 4046 1334 4117; x_wconf 90' lang='lat' dir='ltr'>Pallenen]</span> <span class='ocrx_word' id='word_1_322' title='bbox 1353 4046 1443 4116; x_wconf 86' lang='lat' dir='ltr'>palle-</span> 
     </span>
     <span class='ocr_line' id='line_1_35' title="bbox 167 4117 1443 4187; baseline 0.002 -16"><span class='ocrx_word' id='word_1_323' title='bbox 167 4135 231 4172; x_wconf 89' lang='lat' dir='ltr'>nem</span> <span class='ocrx_word' id='word_1_324' title='bbox 248 4118 280 4169; x_wconf 88' lang='lat' dir='ltr'>P.</span> <span class='ocrx_word' id='word_1_325' title='bbox 306 4118 437 4187; x_wconf 90' lang='lat' dir='ltr'>bipedum</span> <span class='ocrx_word' id='word_1_326' title='bbox 457 4134 591 4186; x_wconf 90' lang='lat' dir='ltr'>equorum</span> <span class='ocrx_word' id='word_1_327' title='bbox 611 4119 680 4171; x_wconf 90' lang='lat' dir='ltr'>duos</span> <span class='ocrx_word' id='word_1_328' title='bbox 699 4117 784 4187; x_wconf 88' lang='lat' dir='ltr'>pedes</span> <span class='ocrx_word' id='word_1_329' title='bbox 803 4117 966 4172; x_wconf 86' lang='lat' dir='ltr'>habentium</span> <span class='ocrx_word' id='word_1_330' title='bbox 986 4120 1049 4173; x_wconf 84' lang='lat' dir='ltr'>udat.</span> <span class='ocrx_word' id='word_1_331' title='bbox 1069 4118 1116 4184; x_wconf 88' lang='lat' dir='ltr'>M,</span> <span class='ocrx_word' id='word_1_332' title='bbox 1135 4119 1231 4174; x_wconf 84' lang='lat' dir='ltr'>delenit</span> <span class='ocrx_word' id='word_1_333' title='bbox 1249 4136 1283 4172; x_wconf 91' lang='lat' dir='ltr'>m.</span> <span class='ocrx_word' id='word_1_334' title='bbox 1306 4118 1361 4172; x_wconf 89' lang='lat' dir='ltr'>hoo</span> <span class='ocrx_word' id='word_1_335' title='bbox 1379 4119 1443 4173; x_wconf 90' lang='lat' dir='ltr'>ideo</span> 
     </span>
     <span class='ocr_line' id='line_1_36' title="bbox 167 4188 1442 4258; baseline 0 -15"><span class='ocrx_word' id='word_1_336' title='bbox 167 4190 237 4243; x_wconf 87' lang='lat' dir='ltr'>dicit</span> <span class='ocrx_word' id='word_1_337' title='bbox 261 4188 330 4256; x_wconf 88' lang='lat' dir='ltr'>quia</span> <span class='ocrx_word' id='word_1_338' title='bbox 352 4189 469 4242; x_wconf 84' lang='lat' dir='ltr'>Proteus</span> <span class='ocrx_word' id='word_1_339' title='bbox 482 4233 487 4244; x_wconf 91' lang='lat'>.</span> <span class='ocrx_word' id='word_1_340' title='bbox 499 4192 704 4258; x_wconf 87' lang='lat' dir='ltr'>..quapropter</span> <span class='ocrx_word' id='word_1_341' title='bbox 729 4190 824 4243; x_wconf 85' lang='lat' dir='ltr'>taedio</span> <span class='ocrx_word' id='word_1_342' title='bbox 842 4189 1031 4258; x_wconf 87' lang='lat' dir='ltr'>praesentium</span> <span class='ocrx_word' id='word_1_343' title='bbox 1051 4207 1142 4243; x_wconf 90' lang='lat' dir='ltr'>rerum</span> <span class='ocrx_word' id='word_1_344' title='bbox 1162 4190 1252 4243; x_wconf 85' lang='lat' dir='ltr'>solum</span> <span class='ocrx_word' id='word_1_345' title='bbox 1271 4194 1379 4245; x_wconf 84' lang='lat' dir='ltr'>vertere</span> <span class='ocrx_word' id='word_1_346' title='bbox 1398 4207 1442 4243; x_wconf 88' lang='grc'>00-</span> 
     </span>
     <span class='ocr_line' id='line_1_37' title="bbox 167 4260 1443 4330; baseline 0 -15"><span class='ocrx_word' id='word_1_347' title='bbox 167 4263 246 4315; x_wconf 81' lang='lat' dir='ltr'>actus</span> <span class='ocrx_word' id='word_1_348' title='bbox 264 4263 425 4330; x_wconf 80' lang='lat' dir='ltr'>Aegyptum</span> <span class='ocrx_word' id='word_1_349' title='bbox 444 4262 527 4329; x_wconf 88' lang='lat' dir='ltr'>petiit</span> <span class='ocrx_word' id='word_1_350' title='bbox 545 4262 608 4315; x_wconf 84' lang='lat' dir='ltr'>add.</span> <span class='ocrx_word' id='word_1_351' title='bbox 630 4260 716 4315; x_wconf 80' lang='lat' dir='ltr'>Febr.</span> <span class='ocrx_word' id='word_1_352' title='bbox 740 4264 750 4330; x_wconf 94' lang='grc'>11</span> <span class='ocrx_word' id='word_1_353' title='bbox 774 4267 807 4314; x_wconf 87' lang='grc'>10</span> <span class='ocrx_word' id='word_1_354' title='bbox 826 4262 960 4328; x_wconf 89' lang='lat' dir='ltr'>protheus</span> <span class='ocrx_word' id='word_1_355' title='bbox 985 4261 1010 4313; x_wconf 91' lang='lat' dir='ltr'><em>V</em></span> <span class='ocrx_word' id='word_1_356' title='bbox 1034 4265 1043 4328; x_wconf 92' lang='grc'>1</span> <span class='ocrx_word' id='word_1_357' title='bbox 1072 4267 1103 4313; x_wconf 96' lang='grc'>11</span> <span class='ocrx_word' id='word_1_358' title='bbox 1124 4263 1253 4316; x_wconf 85' lang='lat' dir='ltr'>Toronen</span> <span class='ocrx_word' id='word_1_359' title='bbox 1272 4263 1443 4317; x_wconf 80' lang='lat' dir='ltr'>Doruiltius:</span> 
     </span>
     <span class='ocr_line' id='line_1_38' title="bbox 168 4331 1442 4456; baseline 0 -69"><span class='ocrx_word' id='word_1_360' title='bbox 168 4348 288 4387; x_wconf 86' lang='lat' dir='ltr'>eoronen</span> <span class='ocrx_word' id='word_1_361' title='bbox 313 4333 359 4400; x_wconf 75' lang='lat' dir='ltr'>Vll</span> <span class='ocrx_word' id='word_1_362' title='bbox 374 4339 405 4386; x_wconf 92' lang='grc'>19</span> <span class='ocrx_word' id='word_1_363' title='bbox 424 4332 607 4398; x_wconf 79' lang='lat' dir='ltr'>thelegonum</span> <span class='ocrx_word' id='word_1_364' title='bbox 631 4331 658 4385; x_wconf 90' lang='lat' dir='ltr'><strong><em>V</em></strong></span> <span class='ocrx_word' id='word_1_365' title='bbox 689 4332 871 4400; x_wconf 87' lang='lat' dir='ltr'>thelegonum</span> <span class='ocrx_word' id='word_1_366' title='bbox 890 4349 906 4385; x_wconf 87' lang='grc'><strong>0</strong></span> <span class='ocrx_word' id='word_1_367' title='bbox 928 4333 1123 4456; x_wconf 44' lang='lat' dir='ltr'>ppoligonum</span> <span class='ocrx_word' id='word_1_368' title='bbox 1148 4332 1179 4388; x_wconf 89' lang='lat' dir='ltr'>V.</span> <span class='ocrx_word' id='word_1_369' title='bbox 1217 4335 1251 4401; x_wconf 83' lang='lat' dir='ltr'>cs.</span> <span class='ocrx_word' id='word_1_370' title='bbox 1271 4335 1397 4402; x_wconf 70' lang='lat' dir='ltr'>Apolloni.</span> <span class='ocrx_word' id='word_1_371' title='bbox 1417 4340 1442 4400; x_wconf 79' lang='lat'>2,</span> 
     </span>
     <span class='ocr_line' id='line_1_39' title="bbox 168 4403 1442 4475; baseline 0.002 -18"><span class='ocrx_word' id='word_1_372' title='bbox 168 4406 352 4474; x_wconf 58' lang='grc'><strong>9914115</strong></span> <span class='ocrx_word' id='word_1_373' title='bbox 373 4405 468 4458; x_wconf 88' lang='lat' dir='ltr'>subter</span> <span class='ocrx_word' id='word_1_374' title='bbox 487 4405 691 4458; x_wconf 88' lang='lat' dir='ltr'>Brouhhusius:</span> <span class='ocrx_word' id='word_1_375' title='bbox 711 4420 793 4472; x_wconf 85' lang='lat' dir='ltr'>super</span> <span class='ocrx_word' id='word_1_376' title='bbox 818 4403 863 4473; x_wconf 74' lang='grc'><strong>1711</strong></span> <span class='ocrx_word' id='word_1_377' title='bbox 879 4409 911 4456; x_wconf 90' lang='grc'>16</span> <span class='ocrx_word' id='word_1_378' title='bbox 952 4404 1042 4458; x_wconf 85' lang='lat' dir='ltr'>altene</span> <span class='ocrx_word' id='word_1_379' title='bbox 1068 4404 1196 4458; x_wconf 81' lang='lat' dir='ltr'>Vrsinus:</span> <span class='ocrx_word' id='word_1_380' title='bbox 1214 4404 1309 4475; x_wconf 89' lang='lat' dir='ltr'>pallea</span> <span class='ocrx_word' id='word_1_381' title='bbox 1332 4405 1357 4457; x_wconf 93' lang='lat' dir='ltr'><em>V</em></span> <span class='ocrx_word' id='word_1_382' title='bbox 1378 4407 1388 4475; x_wconf 90' lang='grc'>11</span> <span class='ocrx_word' id='word_1_383' title='bbox 1410 4412 1442 4459; x_wconf 91' lang='grc'>17</span> 
     </span>
     <span class='ocr_line' id='line_1_40' title="bbox 167 4474 1441 4547; baseline 0.002 -18"><span class='ocrx_word' id='word_1_384' title='bbox 167 4476 256 4529; x_wconf 87' lang='lat' dir='ltr'>tracia</span> <span class='ocrx_word' id='word_1_385' title='bbox 277 4475 301 4528; x_wconf 88' lang='lat' dir='ltr'><strong><em>V</em></strong></span> <span class='ocrx_word' id='word_1_386' title='bbox 323 4479 333 4545; x_wconf 93' lang='grc'>1</span> <span class='ocrx_word' id='word_1_387' title='bbox 355 4491 456 4531; x_wconf 86' lang='lat' dir='ltr'>corone</span> <span class='ocrx_word' id='word_1_388' title='bbox 481 4476 506 4529; x_wconf 92' lang='lat' dir='ltr'><em>V</em></span> <span class='ocrx_word' id='word_1_389' title='bbox 527 4478 536 4543; x_wconf 96' lang='grc'>11</span> <span class='ocrx_word' id='word_1_390' title='bbox 558 4475 671 4545; x_wconf 89' lang='lat' dir='ltr'>prothei</span> <span class='ocrx_word' id='word_1_391' title='bbox 695 4475 721 4527; x_wconf 87' lang='lat' dir='ltr'><em>V</em></span> <span class='ocrx_word' id='word_1_392' title='bbox 741 4477 750 4542; x_wconf 93' lang='grc'>11</span> <span class='ocrx_word' id='word_1_393' title='bbox 775 4481 806 4528; x_wconf 88' lang='grc'>19</span> <span class='ocrx_word' id='word_1_394' title='bbox 825 4474 955 4543; x_wconf 82' lang='lat' dir='ltr'>pellenae</span> <span class='ocrx_word' id='word_1_395' title='bbox 978 4474 1204 4543; x_wconf 59' lang='grc'><strong>7119011011000</strong></span> <span class='ocrx_word' id='word_1_396' title='bbox 1223 4476 1378 4531; x_wconf 83' lang='lat' dir='ltr'>Massicius</span> <span class='ocrx_word' id='word_1_397' title='bbox 1397 4480 1441 4547; x_wconf 82' lang='lat' dir='ltr'>(cs.</span> 
     </span>
     <span class='ocr_line' id='line_1_41' title="bbox 167 4543 1442 4617; baseline 0.002 -17"><span class='ocrx_word' id='word_1_398' title='bbox 167 4548 257 4616; x_wconf 83' lang='lat' dir='ltr'>Steph.</span> <span class='ocrx_word' id='word_1_399' title='bbox 276 4546 346 4616; x_wconf 80' lang='lat' dir='ltr'>Bpa.</span> <span class='ocrx_word' id='word_1_400' title='bbox 365 4563 386 4601; x_wconf 91' lang='lat' dir='ltr'>s.</span> <span class='ocrx_word' id='word_1_401' title='bbox 405 4564 429 4600; x_wconf 89' lang='lat' dir='ltr'>a.</span> <span class='ocrx_word' id='word_1_402' title='bbox 449 4543 582 4615; x_wconf 76' lang='grc' dir='ltr'><strong><em>Παλλήνη</em></strong></span> <span class='ocrx_word' id='word_1_403' title='bbox 598 4564 628 4616; x_wconf 94' lang='lat' dir='ltr'>p.</span> <span class='ocrx_word' id='word_1_404' title='bbox 644 4552 695 4600; x_wconf 86' lang='grc'>497</span> <span class='ocrx_word' id='word_1_405' title='bbox 716 4547 826 4610; x_wconf 67' lang='lat' dir='ltr'>Mani:</span> <span class='ocrx_word' id='word_1_406' title='bbox 846 4547 951 4614; x_wconf 90' lang='lat' dir='ltr'>pallam</span> <span class='ocrx_word' id='word_1_407' title='bbox 974 4546 1001 4598; x_wconf 93' lang='lat' dir='ltr'><em>V</em></span> <span class='ocrx_word' id='word_1_408' title='bbox 1034 4546 1114 4600; x_wconf 89' lang='lat' dir='ltr'>Palla</span> <span class='ocrx_word' id='word_1_409' title='bbox 1138 4547 1255 4602; x_wconf 85' lang='lat' dir='ltr'>Vrsinus</span> <span class='ocrx_word' id='word_1_410' title='bbox 1268 4551 1278 4617; x_wconf 94' lang='grc'>11</span> <span class='ocrx_word' id='word_1_411' title='bbox 1292 4550 1442 4603; x_wconf 82' lang='lat' dir='ltr'>cherrone-</span> 
     </span>
     <span class='ocr_line' id='line_1_42' title="bbox 167 4616 1442 4689; baseline 0.001 -16"><span class='ocrx_word' id='word_1_412' title='bbox 167 4638 212 4673; x_wconf 87' lang='lat' dir='ltr'>sus</span> <span class='ocrx_word' id='word_1_413' title='bbox 239 4619 263 4670; x_wconf 89' lang='lat' dir='ltr'><em>V</em></span> <span class='ocrx_word' id='word_1_414' title='bbox 287 4619 297 4687; x_wconf 90' lang='grc'>11</span> <span class='ocrx_word' id='word_1_415' title='bbox 323 4625 355 4672; x_wconf 89' lang='grc'>91</span> <span class='ocrx_word' id='word_1_416' title='bbox 377 4619 429 4673; x_wconf 87' lang='lat' dir='ltr'>hae</span> <span class='ocrx_word' id='word_1_417' title='bbox 455 4619 571 4673; x_wconf 88' lang='lat' dir='ltr'>Vrsinus</span> <span class='ocrx_word' id='word_1_418' title='bbox 597 4623 606 4689; x_wconf 95' lang='grc'>11</span> <span class='ocrx_word' id='word_1_419' title='bbox 633 4617 766 4687; x_wconf 86' lang='lat' dir='ltr'>protheus</span> <span class='ocrx_word' id='word_1_420' title='bbox 790 4617 839 4686; x_wconf 74' lang='lat' dir='ltr'>Vll</span> <span class='ocrx_word' id='word_1_421' title='bbox 856 4616 957 4672; x_wconf 85' lang='lat' dir='ltr'>relicta</span> <span class='ocrx_word' id='word_1_422' title='bbox 974 4618 1105 4688; x_wconf 81' lang='lat' dir='ltr'>Aegypto</span> <span class='ocrx_word' id='word_1_423' title='bbox 1125 4619 1291 4674; x_wconf 81' lang='lat' dir='ltr'>Massicius:</span> <span class='ocrx_word' id='word_1_424' title='bbox 1311 4620 1442 4674; x_wconf 84' lang='lat' dir='ltr'>relictam</span> 
     </span>
     <span class='ocr_line' id='line_1_43' title="bbox 167 4689 1442 4760; baseline 0.001 -16"><span class='ocrx_word' id='word_1_425' title='bbox 167 4693 320 4759; x_wconf 81' lang='lat' dir='ltr'>aegyptum</span> <span class='ocrx_word' id='word_1_426' title='bbox 334 4690 360 4743; x_wconf 91' lang='lat' dir='ltr'><em>V</em></span> <span class='ocrx_word' id='word_1_427' title='bbox 383 4691 482 4744; x_wconf 81' lang='lat' dir='ltr'>relicta</span> <span class='ocrx_word' id='word_1_428' title='bbox 500 4689 659 4760; x_wconf 83' lang='lat' dir='ltr'>Aegyptum</span> <span class='ocrx_word' id='word_1_429' title='bbox 678 4690 795 4743; x_wconf 87' lang='lat' dir='ltr'>Vrsinus</span> <span class='ocrx_word' id='word_1_430' title='bbox 808 4692 817 4760; x_wconf 92' lang='grc'>11</span> <span class='ocrx_word' id='word_1_431' title='bbox 831 4694 865 4743; x_wconf 86' lang='grc'>95</span> <span class='ocrx_word' id='word_1_432' title='bbox 884 4691 1013 4744; x_wconf 84' lang='lat' dir='ltr'>scholium</span> <span class='ocrx_word' id='word_1_433' title='bbox 1032 4693 1069 4744; x_wconf 84' lang='lat' dir='ltr'>art</span> <span class='ocrx_word' id='word_1_434' title='bbox 1086 4708 1111 4745; x_wconf 88' lang='grc'><strong>0.</strong></span> <span class='ocrx_word' id='word_1_435' title='bbox 1127 4695 1177 4744; x_wconf 90' lang='grc'>399</span> <span class='ocrx_word' id='word_1_436' title='bbox 1197 4708 1247 4746; x_wconf 90' lang='lat' dir='ltr'>am.</span> <span class='ocrx_word' id='word_1_437' title='bbox 1270 4692 1315 4760; x_wconf 71' lang='lat' dir='ltr'>Vt!</span> <span class='ocrx_word' id='word_1_438' title='bbox 1330 4711 1364 4744; x_wconf 89' lang='lat' dir='ltr'>oa</span> <span class='ocrx_word' id='word_1_439' title='bbox 1383 4708 1442 4745; x_wconf 78' lang='lat' dir='ltr'>aaa</span> 
     </span>
     <span class='ocr_line' id='line_1_44' title="bbox 165 4762 1440 4831; baseline 0.002 -17"><span class='ocrx_word' id='word_1_440' title='bbox 165 4781 365 4816; x_wconf 73' lang='lat' dir='ltr'>raraosrrrcrr</span> <span class='ocrx_word' id='word_1_441' title='bbox 388 4779 572 4817; x_wconf 56' lang='lat' dir='ltr'>accensam</span> <span class='ocrx_word' id='word_1_442' title='bbox 595 4778 730 4815; x_wconf 71' lang='lat' dir='ltr'>soranum</span> <span class='ocrx_word' id='word_1_443' title='bbox 751 4762 785 4814; x_wconf 81' lang='lat' dir='ltr'>A.</span> <span class='ocrx_word' id='word_1_444' title='bbox 822 4762 927 4815; x_wconf 79' lang='lat' dir='ltr'>similia</span> <span class='ocrx_word' id='word_1_445' title='bbox 949 4764 1115 4831; x_wconf 72' lang='lat' dir='ltr'>reliquarum</span> <span class='ocrx_word' id='word_1_446' title='bbox 1134 4762 1266 4817; x_wconf 86' lang='lat' dir='ltr'>librorum</span> <span class='ocrx_word' id='word_1_447' title='bbox 1285 4765 1440 4819; x_wconf 83' lang='lat' dir='ltr'>testimonia</span> 
     </span>
     <span class='ocr_line' id='line_1_45' title="bbox 167 4831 1374 4903; baseline 0 -14"><span class='ocrx_word' id='word_1_448' title='bbox 167 4834 317 4890; x_wconf 80' lang='lat' dir='ltr'>aeserihere</span> <span class='ocrx_word' id='word_1_449' title='bbox 334 4835 433 4888; x_wconf 87' lang='lat' dir='ltr'>inutile</span> <span class='ocrx_word' id='word_1_450' title='bbox 451 4835 558 4903; x_wconf 83' lang='grc'><strong>0011197</strong></span> <span class='ocrx_word' id='word_1_451' title='bbox 578 4834 658 4887; x_wconf 87' lang='lat' dir='ltr'>deest</span> <span class='ocrx_word' id='word_1_452' title='bbox 676 4831 747 4888; x_wconf 89' lang='lat' dir='ltr'>ratio</span> <span class='ocrx_word' id='word_1_453' title='bbox 767 4833 845 4887; x_wconf 86' lang='lat' dir='ltr'>PM:</span> <span class='ocrx_word' id='word_1_454' title='bbox 864 4832 1004 4889; x_wconf 84' lang='lat' dir='ltr'>dextratio</span> <span class='ocrx_word' id='word_1_455' title='bbox 1023 4834 1090 4888; x_wconf 82' lang='grc' dir='ltr'>ΑΗ</span> <span class='ocrx_word' id='word_1_456' title='bbox 1124 4834 1260 4888; x_wconf 70' lang='lat' dir='ltr'>damuatio</span> <span class='ocrx_word' id='word_1_457' title='bbox 1280 4839 1324 4891; x_wconf 86' lang='lat' dir='ltr'>est</span> <span class='ocrx_word' id='word_1_458' title='bbox 1347 4835 1374 4889; x_wconf 94' lang='lat' dir='ltr'>V</span> 
     </span>
    </p>
   </div>
   <div class='ocr_carea' id='block_1_6' title="bbox 0 0 1682 5430">
    <p class='ocr_par' dir='ltr' id='par_1_14' title="bbox 0 0 1682 5430">
     <span class='ocr_line' id='line_1_46' title="bbox 0 0 1682 5430; baseline 0 2"><span class='ocrx_word' id='word_1_459' title='bbox 0 0 1682 5430; x_wconf 95' lang='lat' dir='ltr'> </span> 
     </span>
    </p>
   </div>
  </div>
 </body>
</html>
