3354 5430
252 376 314 440 110
825 375 945 433 suurn
1046 427 1047 430 ,

249 541 381 605 molliter
408 541 598 622 deprimitur.
644 561 737 622 risque
764 543 807 606 nd
833 563 902 606 erem
930 546 1031 607 arrtun
1059 543 1156 606 locrrm
1179 544 1330 626 porticam
1359 544 1526 608 limitorem

250 647 393 712 Octauius
407 647 507 713 Musa
522 653 713 730 porrexerat,
738 648 888 713 limitator
910 650 949 714 ab
966 650 1105 733 Aupusto
1123 652 1227 728 datus,
1251 652 1286 715 id
1301 655 1346 715 est
1361 671 1420 732 per
1438 653 1527 732 quin

249 756 344 819 decim
366 755 457 819 milia
472 774 627 837 passuum
650 755 720 838 apri
743 754 932 839 Mantuani,
961 777 1029 821 asim
1048 756 1258 822 Cremonensis
1280 778 1343 822 non
1365 757 1526 839 sufficeret,

249 861 384 941 offensus
415 883 436 926 a
460 861 662 944 Mantuanis,
694 864 775 944 quod
798 883 912 945 pecora
941 865 1007 928 eires
1040 865 1074 927 in
1104 885 1178 946 apro
1203 865 1325 946 pnrblico
1355 865 1527 946 aliquanda

215 969 436 1035 aclousissent.
481 969 540 1034 alii
563 967 751 1034 ‘subducere'
776 991 836 1052 pro
860 969 1021 1035 ‘desinere'
1045 972 1216 1053 occipiunt:
1253 992 1328 1036 narn
1351 973 1528 1053 permansit

249 1078 374 1141 diceudo
397 1075 562 1140 ‘demittere
591 1074 722 1158 iupum',
754 1079 844 1158 qnasi
871 1077 925 1142 lcoc
952 1078 1041 1142 colles
1062 1078 1196 1162 faciant,
1225 1080 1307 1159 quod
1328 1080 1393 1143 illis
1415 1079 1528 1143 amitiit

243 1204 304 1265 per
325 1188 482 1248 naturam.
510 1182 569 1246 alii
591 1204 701 1265 aprum
723 1205 814 1249 sicum
837 1185 942 1249 uolunt
963 1186 1155 1266 descripsisse
1171 1185 1354 1267 Verpilium,
1376 1190 1412 1249 ut
1429 1191 1526 1250 osteu-

250 1292 333 1356 deret
354 1312 392 1356 ec
413 1296 545 1370 utraque
561 1294 653 1371 parte
675 1311 736 1356 esse
759 1292 912 1368 clivosum,
935 1296 971 1356 at
992 1312 1061 1356 enni
1079 1292 1118 1355 al
1136 1313 1202 1355 uua
1215 1297 1306 1372 porte
1323 1293 1367 1356 ad
1382 1313 1526 1357 cacumen

249 1399 433 1475 asceudnis,
456 1397 495 1462 ab
518 1397 585 1461 alio
606 1417 701 1480 usquc
722 1400 765 1463 ad
785 1419 900 1480 coriam
923 1400 1092 1463 descendas.
1137 1404 1165 1462 ot
1187 1399 1314 1480 quoidam
1338 1400 1413 1464 tales
1435 1421 1527 1482 apros

202 1523 232 1571 ro
251 1506 406 1588 lapidosos
427 1506 546 1588 dicunt,
573 1505 652 1570 sicut
679 1506 743 1587 ipse
765 1506 801 1569 de
822 1524 876 1568 suo
900 1506 948 1568 ait
970 1504 1007 1589 <1
1030 1505 1096 1588 47>
1124 1511 1157 1569 ct
1185 1506 1254 1570 tibi
1276 1526 1409 1589 mapno
1430 1508 1528 1571 satis

249 1613 417 1695 quamuis
440 1613 539 1693 lapis
562 1613 686 1676 omnia
708 1612 834 1676 nudus.

340 1720 369 1783 9.
407 1736 520 1796 vsqve
545 1737 592 1783 AD
616 1737 737 1797 AQvnM
760 1718 872 1783 Mincii
895 1718 1037 1783 fluminis
1062 1720 1192 1785 scilicet.

342 1827 392 1890 10.
430 1844 542 1892 ouum
566 1848 647 1910 quae
671 1848 770 1911 supra
793 1825 882 1889 dixit.
917 1826 1146 1912 intellegamus
1171 1830 1293 1911 autem,
1316 1831 1372 1891 aut
1385 1824 1526 1912 Vergilii

251 1937 379 1998 tantum
401 1955 515 2018 agrum
521 1983 530 2017 ‚
553 1937 610 1998 aut
628 1933 729 1997 totius
745 1933 896 1998 Mantuae
916 1955 985 1998 esse
1006 1934 1216 2018 descriptum,
1239 1934 1320 2014 quod
1341 1934 1400 1998 alii
1422 1934 1530 1999 dieunt

200 2059 232 2106 15
258 2040 427 2123 Verpilium
449 2042 601 2105 ostendere
627 2041 770 2124 andrense,
801 2041 883 2122 quod
903 2041 1093 2105 Mantuanis
1115 2062 1173 2122 per
1200 2041 1395 2121 iniqrritatem
1419 2040 1529 2121 Alfeni

257 2148 347 2229 Vari,
379 2149 431 2225 acci
453 2168 544 2230 apros
566 2148 685 2230 divisit,
712 2153 836 2229 practer
852 2148 1012 2229 palustria
1034 2147 1114 2213 uitii
1135 2147 1275 2211 relictum
1297 2149 1351 2230 sit,
1382 2148 1462 2211 suut
1488 2168 1526 2212 eu

251 2256 386 2319 motione
403 2253 538 2319 Cornelii
556 2255 590 2318 iu
604 2255 755 2335 Alfenum
777 2256 945 2320 ostenditur
967 2276 1045 2319 cum
1067 2256 1193 2320 iussus
1216 2256 1291 2318 tria
1313 2255 1424 2319 milia
1440 2274 1528 2337 pas-

249 2381 313 2426 sus
343 2383 364 2424 a
395 2383 496 2427 muro
527 2363 568 2425 iu
599 2363 749 2426 diuerso
781 2362 1003 2442 relinquere,
1039 2363 1102 2425 aiu
1133 2361 1362 2443 octiupentos
1388 2381 1529 2444 passus

250 2488 378 2548 aquae,
401 2489 492 2550 onae
513 2470 744 2538 circumdata
766 2473 831 2551 cst,
853 2468 1105 2547 admetireris,
1128 2469 1329 2549 reliquisti.
1417 2485 1528 2533 oumn

199 2593 232 2642 1ο
252 2591 461 2640 cnuululssvs
489 2594 521 2640 v.
545 2593 571 2640 8.
595 2593 630 2639 M.
662 2575 694 2639 id
727 2579 777 2640 est
811 2579 954 2639 vestrum
978 2572 1175 2660 Vergilium,
1208 2576 1296 2639 ciricis
1327 2595 1423 2640 causa
1455 2577 1527 2658 apri

251 2682 442 2747 Mantuanis
464 2683 575 2746 redditi
597 2688 678 2747 sient.

344 2790 391 2853 11.
429 2806 604 2854 Avnlunus
635 2807 677 2852 uu
709 2806 804 2853 FAMA
834 2807 915 2854 uvlT
947 2790 1207 2854 benevolentiam
1231 2788 1360 2871 quidem
1385 2787 1527 2875 Augusti

252 2896 351 2960 etiam
380 2895 469 2960 fama
497 2896 657 2981 vulgavit3
690 2896 745 2959 sed
770 2917 840 2960 eam
865 2895 941 2960 belli
967 2896 1090 2961 Actiaci
1113 2895 1291 2960 necessitas
1315 2895 1483 2980 inpedivit.

252 3020 318 3068 sun
348 3019 504 3067 carmus
528 3020 559 3066 r.
578 3021 611 3067 u.
632 3021 662 3066 v.
681 3020 710 3066 n.
730 3020 760 3066 r.
779 3022 799 3066 1.
818 3021 852 3065 n.
876 3002 938 3067 hoc
962 3003 1060 3068 etiam
1084 3001 1195 3068 Cicero
1220 3002 1267 3067 ait
1290 3002 1324 3066 in
1348 3001 1528 3068 Miloniana

198 3130 232 3178 25
253 3095 385 3194 <4,'11>
419 3110 538 3174 silent
570 3110 669 3173 enim
702 3110 807 3194 leges
840 3109 943 3173 inter
975 3132 1087 3174 arma.
1132 3131 1237 3176 seusus
1261 3115 1363 3174 tamne
1384 3115 1444 3174 est:
1475 3112 1530 3175 sed

250 3218 386 3283 uidelicet
407 3217 461 3281 loc
485 3223 623 3301 tempore,
647 3218 682 3281 id
702 3218 801 3281 estin
823 3216 878 3281 toe
895 3217 977 3300 bello,
995 3222 1142 3299 poemata
1160 3222 1267 3282 nostra
1284 3238 1348 3282 non
1365 3217 1453 3282 oaldc
1470 3218 1525 3282 ad·

251 3326 425 3389 mittuntur.
468 3322 631 3390 ‘earmina'
655 3329 758 3389 auum
780 3325 924 3389 nonnulli
946 3325 1055 3406 areimis
1077 3325 1137 3389 sibi
1160 3324 1332 3389 Pollionem
1355 3326 1526 3390 intercesso-

252 3452 317 3496 rem
346 3432 431 3514 apud
451 3432 629 3514 Auprrstum
655 3432 881 3510 conciliauerat,
913 3432 1085 3514 accrpirmt:
1121 3452 1179 3513 ouo
1205 3431 1329 3515 sapato,
1361 3451 1471 3498 rursus
1492 3432 1530 3496 de

247 3540 388 3621 maediis
410 3540 476 3603 suis
497 3538 603 3619 fuerat
629 3538 781 3622 Verpilius
803 3539 955 3622 expulsus.

199 3666 233 3714 aa
344 3647 393 3711 13.
431 3662 606 3711 ennomus
645 3663 777 3711 nrevur
815 3663 946 3723 novini
983 3664 1013 3710 v.
1045 3663 1074 3711 c.
1110 3646 1236 3710 minora
1272 3645 1358 3710 enim
1389 3646 1527 3730 auguria

343 3846 355 3892 1
376 3838 541 3908 deprimitur
561 3840 727 3894 Mauricius:
747 3838 903 3908 deponatur
914 3838 940 3891 L
959 3838 1115 3894 declinatur
1136 3840 1171 3893 F.
1187 3838 1336 3894 Setoellius
1349 3842 1358 3907 ΙΙ
1371 3837 1526 3893 limitarem

253 3913 420 3966 Mosoieius:
439 3910 589 3965 militarem
609 3912 635 3965 L
648 3912 687 3979 tlt
706 3909 883 3965 hoctanimus
903 3926 999 3964 musca
1017 3911 1043 3963 L
1075 3911 1209 3964 Octavius
1228 3911 1325 3965 Musca
1344 3910 1526 3965 Oomrnelinus

252 3983 383 4037 Octavius
397 3982 477 4036 Musa
487 3982 640 4037 Masoicius
653 3984 662 4051 ΙΙ
676 3984 838 4051 porrexerat
852 3983 878 4036 L
892 3983 901 4050 ΙΙ
915 3988 930 4035 3
946 3983 1102 4052 Mantuani]
1122 3981 1259 4035 militibus
1278 3981 1436 4050 assignatus
1455 3998 1525 4051 ager

250 4056 318 4109 add.
338 4054 491 4109 Mescinius
504 4055 543 4122 115
561 4056 624 4121 fort.
643 4052 797 4122 permansit
815 4053 844 4106 in
861 4053 1045 4107 translatione
1065 4055 1073 4123 ΙΙ
1093 4061 1108 4106 6
1128 4052 1269 4107 dimittere
1289 4053 1315 4106 L
1333 4054 1342 4122 ΙΙ
1360 4053 1472 4108 accidat
1490 4055 1526 4117 L,

250 4142 319 4180 corr.
338 4125 442 4178 Dauid
455 4127 493 4196 111
514 4127 545 4178 ut
563 4124 723 4180 ostenderet
742 4125 857 4178 Daniel:
877 4127 906 4178 et
924 4125 1083 4178 ostenderet
1097 4125 1129 4178 L.
1158 4126 1221 4189 sort.
1237 4127 1266 4178 et
1280 4124 1426 4179 ostendere
1445 4142 1524 4183 eum.

251 4204 266 4251 9
285 4213 359 4264 aqua
377 4197 404 4250 L
426 4200 435 4264 ΙΙ
460 4203 492 4250 10
510 4195 552 4249 tib
572 4196 598 4249 L
612 4198 621 4264 ΙΙ
637 4201 667 4248 11
688 4211 772 4264 quum
790 4194 816 4248 L
830 4196 839 4264 ΙΙ
855 4202 887 4249 13
906 4194 1088 4265 intelligimus
1107 4195 1167 4248 RL
1188 4198 1198 4263 11
1222 4201 1255 4248 14
1274 4194 1418 4267 Mantuae]
1439 4196 1525 4251 situm

250 4269 314 4323 odd.
333 4269 413 4336 culpo
428 4271 436 4335 ΙΙ
458 4275 489 4322 11
510 4269 660 4337 alphenum
680 4267 706 4320 L
724 4268 734 4335 ΙΙ
752 4272 785 4321 18
804 4266 833 4320 in
852 4267 973 4337 diversa]
993 4266 1115 4320 indiuisa
1136 4267 1329 4336 Peerllrumpus
1348 4267 1480 4322 Mnemos.
1500 4267 1525 4321 X

251 4345 301 4394 181
317 4341 326 4409 ll
340 4339 387 4393 vix
411 4339 533 4394 Vossius:
554 4342 585 4392 nt
604 4339 629 4390 L
650 4340 660 4407 ΙΙ
685 4345 717 4391 19
737 4355 807 4406 quae
828 4338 1019 4393 Gommelinus:
1039 4355 1095 4407 qua
1113 4339 1140 4392 L
1161 4340 1171 4407 11
1194 4337 1334 4406 reliquisti
1354 4340 1526 4395 Mosnicius:

250 4411 422 4480 relinquistis
445 4411 478 4463 L.
516 4409 587 4463 nihil
610 4408 769 4463 Mantuanis
793 4411 905 4479 practer
926 4410 1065 4479 palustria
1088 4411 1128 4463 od
1151 4415 1214 4464 autc
1236 4411 1278 4464 rel
1296 4416 1361 4478 post
1384 4409 1524 4479 reliquisti

250 4484 378 4537 addenda
401 4497 454 4537 esse
475 4487 557 4550 putat
575 4481 739 4535 Ribbeclu'us
758 4482 830 4550 prol.
846 4499 874 4550 p.
891 4487 907 4535 6
926 4483 1017 4536 adnot.
1046 4484 1055 4550 ΙΙ
1082 4487 1117 4535 10
1135 4498 1273 4535 musicen
1291 4500 1413 4536 vusrnvn
1431 4481 1461 4534 id
1481 4485 1525 4536 est

250 4557 376 4609 uestrum
394 4552 538 4622 uirgilium
558 4558 621 4620 post
639 4552 778 4621 inpedivit
800 4554 862 4607 irat.
882 4553 1010 4607 ABPH
1028 4553 1038 4622 ΙΙ
1067 4552 1196 4607 Vestrum
1215 4569 1340 4607 servasse
1359 4571 1411 4606 m:
1430 4552 1461 4606 id
1483 4554 1527 4607 est

251 4626 307 4680 suis
332 4624 500 4679 carminibus
524 4622 560 4677 ab
583 4630 702 4693 augusto
725 4623 871 4692 recepisse.
909 4623 1078 4678 Menalcam:
1106 4624 1135 4678 id
1159 4627 1202 4678 est
1224 4623 1368 4693 uirgilium
1387 4624 1422 4678 R.
1460 4625 1525 4678 iude

251 4696 394 4752 Servasse:
414 4711 593 4764 recuperasse
611 4700 672 4763 post
691 4695 862 4764 ‹lescriptum
881 4697 945 4751 add.
957 4695 1111 4766 Stephanus
1124 4697 1134 4764 ΙΙ
1147 4701 1181 4749 11
1199 4694 1420 4749 beniuolentiam
1441 4696 1528 4763 Latet

250 4775 284 4823 14
304 4769 374 4822 dicit
392 4769 418 4822 L
431 4770 441 4837 1
454 4766 616 4821 meloniana
634 4766 766 4820 APRH
780 4770 790 4835 ss
808 4773 842 4822 17
861 4768 1082 4822 intercessoriem
1101 4768 1127 4820 L
1141 4769 1150 4835 l
1163 4772 1197 4820 18
1218 4783 1273 4835 quo
1293 4767 1316 4820 l:
1336 4766 1411 4835 quod
1429 4765 1457 4819 L
1469 4768 1479 4834 ΙΙ
1493 4772 1528 4820 30

251 4841 287 4913 a]
306 4841 336 4896 id
355 4843 399 4895 est
417 4841 553 4909 quantum
572 4839 669 4892 dicunt
688 4837 781 4893 ualere
801 4839 935 4895 chaonias
953 4838 1098 4894 columbas
1116 4837 1247 4893 ueniente
1267 4838 1364 4907 aquila
1382 4839 1447 4895 odd.
1463 4837 1492 4895 R
