3354 5430
216 351 241 404 X
744 350 959 407 PRAEFATIO.

215 515 344 579 nomine
369 514 549 579 Danielis
574 537 643 578 esse
667 515 746 598 dixi,
769 518 806 579 ut
829 516 871 580 ab
895 515 941 580 eis
965 539 1046 600 quae
1071 517 1136 581 iam
1161 519 1194 580 in
1218 518 1327 583 codice
1346 524 1491 584 correcta

216 625 325 686 essent
348 622 631 706 distinguerentur.
678 623 761 686 alter
785 622 834 687 vir
857 622 986 707 doctus,
1010 626 1064 710 qui
1087 629 1163 708 post
1186 625 1354 690 Danielem
1378 625 1490 691 Lemo-

216 730 376 794 vicensem
405 730 576 812 tractavit,
609 731 742 793 nomina
770 731 979 815 scriptorum,
1012 754 1148 816 quorum
1173 734 1271 797 verba
1294 734 1488 818 interpretes

217 838 443 921 laudaverunt,
465 836 498 900 in
523 836 723 920 marginibus
747 837 899 921 repetivit
922 841 955 901 et
978 841 1045 902 tres
1069 840 1165 923 locos,
1190 841 1244 924 qui
1269 844 1345 904 sunt
1367 841 1438 905 buc.
1457 840 1487 905 V

216 947 251 1028 2,
273 943 322 1008 VI
346 945 374 1027 6,
398 943 461 1008 VII
486 945 538 1029 33,
561 932 691 1030 egregie
714 943 865 1008 restituit.
907 945 1065 1029 suspicari
1088 947 1195 1031 possis
1219 970 1291 1011 eum
1315 947 1489 1033 Iosephum

217 1050 418 1137 Scaligerum
441 1051 557 1136 fuisse,
581 1052 699 1137 quippe
723 1052 778 1136 qui
801 1051 905 1116 tribus
925 1053 1178 1140 castigationum
1198 1054 1232 1117 in
1251 1055 1384 1119 Festum
1405 1079 1489 1121 anno

218 1160 302 1224 1575
326 1160 485 1223 editarum
509 1159 602 1242 locis,
626 1183 655 1243 p.
675 1159 718 1223 90
741 1157 825 1244 (buc.
844 1159 924 1225 VIII
949 1159 1015 1246 82),
1041 1162 1101 1225 147
1128 1160 1213 1247 (buc.
1232 1160 1310 1225 VIII
1335 1161 1401 1248 29),
1427 1164 1488 1228 183

216 1265 358 1351 (bucsIV
372 1263 441 1353 43),
464 1265 706 1331 Lemovicensia
731 1266 854 1331 scholia
878 1272 1052 1351 antequam
1076 1269 1164 1332 edita
1188 1272 1295 1332 essent
1320 1291 1353 1331 se
1373 1290 1489 1355 cogno-

216 1374 299 1437 visse
328 1373 492 1456 professus
522 1374 573 1438 sit.
620 1373 676 1438 sed
705 1396 777 1437 cum
802 1396 912 1439 earum
936 1397 1018 1458 quae
1041 1374 1087 1438 ibi
1111 1375 1318 1458 proferuntur
1342 1375 1488 1439 emenda-

215 1482 342 1544 tionum
368 1480 495 1544 nullum
523 1483 558 1544 iu
586 1481 692 1545 codice
721 1480 894 1564 vestigium
923 1486 1134 1567 agnoscatur,
1166 1503 1231 1545 non
1260 1483 1287 1545 is
1316 1481 1400 1565 ipse,
1434 1481 1489 1545 sed

214 1587 435 1672 apographum
451 1588 597 1653 Danielis
616 1589 704 1651 iussu
723 1588 846 1651 factum
862 1585 1028 1672 Scaligero
1049 1589 1089 1653 ad
1109 1611 1222 1653 manus
1236 1587 1336 1652 fuisse
1350 1587 1486 1652 videtur.

301 1693 408 1759 (lodex
437 1697 502 1760 iam
531 1700 607 1760 ante
636 1718 731 1779 quam
762 1694 939 1759 aDaniele
968 1696 1002 1760 in
1030 1698 1133 1762 lucem
1161 1698 1331 1759 revocatus
1361 1698 1424 1776 est,
1456 1699 1489 1759 et

214 1801 399 1884 repositorii
422 1803 456 1866 in
480 1825 542 1887 quo
568 1804 759 1867 servabatur
782 1803 862 1867 vitio
889 1808 921 1867 et
940 1803 1107 1867 hominum
1128 1802 1281 1867 barbaria
1300 1802 1386 1866 haud
1405 1803 1489 1867 levia

115 1988 119 2008 ¹
211 1908 330 1972 damna
354 1912 570 1974 contraxerat.
613 1932 689 1972 nam
712 1909 865 1974 foliorum
893 1911 999 1974 1-12
1024 1911 1187 1994 margines
1212 1910 1393 1992 superiores
1417 1932 1488 1973 cum

212 2016 364 2079 extremis
389 2017 566 2099 primarum
590 2016 750 2080 linearum
769 2016 917 2100 partibus
936 2018 1107 2101 putredine
1128 2017 1292 2100 absumpti
1313 2019 1396 2079 sunt.
1426 2038 1488 2100 qua

212 2121 397 2185 calamitate
421 2126 501 2206 quot
524 2123 652 2187 litterae
676 2145 806 2206 pessum
827 2123 920 2187 datae
942 2123 1020 2205 sint,
1044 2126 1078 2186 in
1097 2123 1229 2187 scholiis
1249 2121 1487 2187 Lemovicensis

211 2228 352 2314 propriis
383 2234 531 2293 accurate
561 2231 715 2314 indicavi,
745 2230 779 2293 in
809 2228 972 2295 Servianis
1000 2253 1067 2294 non
1093 2230 1180 2294 item.
1227 2231 1329 2294 multo
1358 2230 1488 2313 gravius

211 2340 262 2399 est
286 2336 370 2419 quod
396 2336 429 2398 in
453 2337 679 2422 georgicorum
704 2337 779 2401 libri
802 2338 897 2419 primi
921 2359 1072 2401 versuum
1096 2337 1228 2401 50-92
1252 2337 1486 2401 commentario

211 2443 364 2508 foliorum
386 2441 443 2508 77¹³
463 2445 519 2508 78²
538 2445 593 2508 79³
617 2444 776 2527 scriptura
800 2448 871 2507 tota
895 2444 1005 2528 periit,
1028 2443 1108 2508 folia
1123 2441 1181 2508 76¹³
1202 2446 1258 2508 77³
1279 2442 1336 2507 78¹>
1356 2441 1413 2508 79¹³
1433 2444 1489 2508 80³

211 2554 321 2615 autem
346 2551 425 2614 adeo
450 2552 600 2616 sordibus
624 2551 793 2635 inquinata
818 2556 907 2634 sunt,
930 2555 967 2614 ut
991 2553 1070 2614 satis
1096 2552 1198 2615 multa
1221 2551 1316 2615 hodie
1343 2554 1488 2614 autnon

213 2658 281 2722 sine
305 2680 424 2743 magna
453 2658 645 2723 difficultate
670 2659 735 2742 legi
759 2658 886 2742 possint
909 2664 967 2723 aut
991 2658 1122 2723 omuino
1146 2659 1345 2723 evanuerint.
1391 2657 1487 2722 huius

213 2767 339 2849 generis
363 2766 495 2829 lacunas
520 2764 567 2849 (in
585 2765 763 2829 Danielinis
784 2765 931 2851 scholiis)
955 2789 1021 2830 non
1040 2767 1152 2830 eodem
1173 2788 1283 2830 omnes
1302 2764 1407 2847 mode,
1431 2765 1487 2829 sed

211 2872 259 2937 ita
287 2876 323 2936 ut
351 2894 458 2936 errare
486 2895 552 2936 non
582 2873 701 2956 possis,
724 2872 884 2937 indicatas
907 2873 1060 2937 invenies.
1106 2872 1139 2935 in
1163 2876 1315 2937 contextu
1339 2894 1378 2935 ea
1402 2894 1483 2956 quae

213 2986 269 3043 aut
293 2978 422 3044 Danieli
446 2979 635 3062 apparuisse
659 2982 716 3042 aut
739 2983 826 3043 certo
851 2979 994 3062 suppleri
1017 2979 1222 3062 videbantur,
1244 2979 1364 3043 lunulis
1387 2980 1487 3044 inclu-

214 3087 316 3150 denda
340 3085 459 3151 curavi.

302 3193 358 3257 Bis
387 3192 529 3257 codicem
558 3192 693 3256 contuli:
732 3192 872 3275 primum
902 3192 1054 3275 Lugduni
1084 3214 1192 3256 mense
1221 3193 1382 3256 decembri
1412 3195 1488 3258 anni

217 3301 298 3365 1857
324 3304 357 3364 et
380 3300 461 3364 lucis
494 3304 526 3363 et
554 3299 710 3384 temporis
739 3299 875 3383 penuria
903 3298 1090 3382 impeditus,
1118 3299 1235 3363 iterum
1265 3303 1388 3363 aestate
1412 3301 1488 3364 anni

214 3408 299 3471 1886
323 3407 357 3470 in
382 3407 581 3470 bibliotheca
605 3406 885 3490 Heidelbergensi,
909 3407 999 3470 cuius
1023 3406 1098 3470 fidei
1121 3410 1158 3470 ut
1182 3406 1262 3469 liber
1287 3429 1343 3488 per
1363 3406 1489 3490 aliquot

114 3570 117 3577 .
213 3535 340 3576 menses
370 3515 626 3578 committeretur
654 3514 694 3577 ab
725 3513 843 3577 eximia
866 3512 1023 3577 Nicolai
1047 3513 1102 3576 Du
1128 3513 1237 3594 Rieu,
1265 3512 1327 3576 viri
1351 3514 1487 3597 egregii,

212 3620 411 3684 liberalitate
435 3621 528 3684 facile
552 3620 761 3704 impetratum
786 3624 843 3686 est.
888 3620 945 3684 ubi
969 3642 1039 3684 oum
1064 3624 1210 3704 tempore
1235 3620 1431 3683 abundarem
1456 3623 1488 3682 et

212 3727 286 3812 puri
317 3728 505 3811 plerumque
536 3728 614 3790 solis
646 3728 817 3810 splendore
847 3727 1031 3812 adiuvarer,
1053 3728 1087 3790 in
1115 3728 1155 3790 iis
1184 3727 1322 3789 maxime
1346 3725 1485 3811 paginis,

215 3857 295 3920 quas
324 3835 473 3899 sordibus
503 3835 658 3899 obductas
688 3857 757 3898 csse
787 3834 866 3917 dixi,
899 3835 1068 3920 aliquanto
1097 3835 1171 3918 plus
1199 3834 1358 3917 expiscari
1386 3832 1488 3918 potui,

214 3965 313 4027 quam
342 3966 414 4007 cum
443 3943 584 4025 primum
613 3941 755 4006 codicem
783 3943 936 4028 tractavi3
970 3941 1024 4005 sed
1052 3941 1087 4004 in
1115 3940 1229 4005 ceteris
1258 3939 1356 4003 etiam
1385 3961 1488 4024 pauca

216 4049 373 4134 quaedam
401 4071 483 4133 quae
510 4072 576 4114 non
605 4049 750 4113 videram
779 4052 836 4112 aut
864 4070 930 4112 non
958 4050 1038 4112 satis
1062 4051 1149 4112 reete
1173 4048 1316 4131 legeram
1340 4047 1488 4131 supplevi

215 4162 247 4220 et
269 4157 402 4221 correxi.

303 4263 391 4338 Quae
415 4263 453 4326 de
476 4262 684 4327 Iluldensium
708 4266 741 4326 et
759 4261 1014 4327 Floriacensium
1037 4263 1071 4326 in
1094 4261 1265 4325 Aeneidem
1290 4261 1486 4325 scholiorum

214 4372 415 4455 praestantia
438 4369 537 4454 praef.
562 4392 592 4453 p.
608 4361 786 4454 xxxnsqq.
809 4369 955 4452 exposui,
979 4369 1091 4432 eadem
1115 4368 1153 4431 de
1177 4366 1308 4431 scholiis
1333 4390 1349 4431 e
1372 4367 1488 4432 Lemo-

148 4512 156 4529 ·
214 4477 335 4541 vicensi
363 4478 447 4540 libro
477 4475 655 4540 aDaniele
679 4477 791 4561 petitis
817 4477 922 4540 valere
947 4497 1070 4539 moneo.
1116 4474 1199 4538 unde
1223 4479 1372 4559 apparet,
1395 4494 1488 4558 geor·

215 4584 360 4669 gicorum
384 4584 616 4648 commentario
641 4583 715 4646 inde
740 4606 759 4646 a
782 4583 878 4666 primi
896 4583 972 4646 libri
993 4605 1086 4647 versu
1106 4583 1171 4647 280
1190 4583 1310 4646 amisso
1331 4584 1487 4665 quantam

215 4693 373 4754 iacturam
406 4691 439 4753 iu
463 4689 646 4775 Vergiliani
680 4689 832 4754 carminis
865 4690 1134 4774 interpretatione
1168 4695 1201 4755 et
1232 4690 1266 4752 in
1298 4689 1485 4752 Latinarum

219 4799 401 4861 litterarum
439 4797 708 4883 antiquitatisque
746 4797 910 4861 Romanae
947 4798 1133 4882 cognitione
1166 4797 1345 4860 fecerimus.
1404 4796 1486 4879 quod
