<?xml version="1.0" encoding="UTF-8"?>
<!DOCTYPE html PUBLIC "-//W3C//DTD XHTML 1.0 Transitional//EN"
    "http://www.w3.org/TR/xhtml1/DTD/xhtml1-transitional.dtd">
<html xmlns="http://www.w3.org/1999/xhtml" xml:lang="en" lang="en">
 <head>
  <title>
</title>
<meta http-equiv="Content-Type" content="text/html;charset=utf-8" />
  <meta name='ocr-system' content='tesseract 3.04.00' />
  <meta name='ocr-capabilities' content='ocr_page ocr_carea ocr_par ocr_line ocrx_word'/>
</head>
<body>
  <div class='ocr_page' id='page_1' title='image "./serviigrammatic01thilgoog_0025.png"; bbox 0 0 3354 5430; ppageno 0'>
   <div class='ocr_carea' id='block_1_1' title="bbox 618 1085 1227 1154">
    <p class='ocr_par' dir='ltr' id='par_1_1' title="bbox 618 1085 1227 1154">
     <span class='ocr_line' id='line_1_1' title="bbox 618 1085 1227 1154; baseline 0.002 -4"><span class='ocrx_word' id='word_1_1' title='bbox 618 1085 913 1151; x_wconf 80' lang='lat' dir='ltr'><strong>SVBSIDIORVM</strong></span> <span class='ocrx_word' id='word_1_2' title='bbox 936 1086 1227 1154; x_wconf 78' lang='lat' dir='ltr'>CONSPEOTVS.</span> 
     </span>
    </p>
   </div>
   <div class='ocr_carea' id='block_1_2' title="bbox 586 1366 1261 1436">
    <p class='ocr_par' dir='ltr' id='par_1_2' title="bbox 586 1366 1261 1436">
     <span class='ocr_line' id='line_1_2' title="bbox 586 1366 1261 1436; baseline 0.004 -16"><span class='ocrx_word' id='word_1_3' title='bbox 586 1368 606 1423; x_wconf 92' lang='lat' dir='ltr'>I.</span> <span class='ocrx_word' id='word_1_4' title='bbox 643 1366 814 1436; x_wconf 85' lang='lat' dir='ltr'><strong>plenioris</strong></span> <span class='ocrx_word' id='word_1_5' title='bbox 846 1368 1085 1424; x_wconf 86' lang='lat' dir='ltr'>commentarii</span> <span class='ocrx_word' id='word_1_6' title='bbox 1117 1367 1261 1424; x_wconf 87' lang='lat' dir='ltr'>codices.</span> 
     </span>
    </p>
   </div>
   <div class='ocr_carea' id='block_1_3' title="bbox 284 1473 1617 1899">
    <p class='ocr_par' dir='ltr' id='par_1_3' title="bbox 284 1473 1617 1721">
     <span class='ocr_line' id='line_1_3' title="bbox 284 1473 1617 1546; baseline 0.002 -17"><span class='ocrx_word' id='word_1_7' title='bbox 284 1476 311 1529; x_wconf 84' lang='lat' dir='ltr'><strong><em>L</em></strong></span> <span class='ocrx_word' id='word_1_8' title='bbox 338 1473 426 1529; x_wconf 82' lang='lat' dir='ltr'><strong>codex</strong></span> <span class='ocrx_word' id='word_1_9' title='bbox 453 1473 521 1528; x_wconf 91' lang='lat' dir='ltr'>olim</span> <span class='ocrx_word' id='word_1_10' title='bbox 544 1473 762 1539; x_wconf 79' lang='lat' dir='ltr'>Lemovicensis,</span> <span class='ocrx_word' id='word_1_11' title='bbox 787 1489 860 1527; x_wconf 91' lang='lat' dir='ltr'>nunc</span> <span class='ocrx_word' id='word_1_12' title='bbox 879 1473 1023 1528; x_wconf 87' lang='lat' dir='ltr'>Leidensis</span> <span class='ocrx_word' id='word_1_13' title='bbox 1042 1475 1114 1544; x_wconf 89' lang='lat' dir='ltr'>(buc.</span> <span class='ocrx_word' id='word_1_14' title='bbox 1135 1474 1252 1544; x_wconf 89' lang='lat' dir='ltr'>IV-X,</span> <span class='ocrx_word' id='word_1_15' title='bbox 1279 1492 1374 1546; x_wconf 81' lang='lat' dir='ltr'>georg.</span> <span class='ocrx_word' id='word_1_16' title='bbox 1394 1478 1406 1530; x_wconf 92' lang='lat' dir='ltr'>I</span> <span class='ocrx_word' id='word_1_17' title='bbox 1427 1479 1561 1546; x_wconf 75' lang='lat'>1-278).</span> <span class='ocrx_word' id='word_1_18' title='bbox 1614 1535 1617 1542; x_wconf 69' lang='grc'><em>,</em></span> 
     </span>
     <span class='ocr_line' id='line_1_4' title="bbox 337 1561 1561 1631; baseline 0.004 -15"><span class='ocrx_word' id='word_1_19' title='bbox 337 1564 347 1616; x_wconf 82' lang='lat' dir='ltr'><strong><em>l</em></strong></span> <span class='ocrx_word' id='word_1_20' title='bbox 371 1561 454 1616; x_wconf 88' lang='lat' dir='ltr'>huius</span> <span class='ocrx_word' id='word_1_21' title='bbox 481 1562 584 1617; x_wconf 84' lang='lat' dir='ltr'>codicis</span> <span class='ocrx_word' id='word_1_22' title='bbox 609 1564 690 1616; x_wconf 87' lang='lat' dir='ltr'>vetus</span> <span class='ocrx_word' id='word_1_23' title='bbox 716 1562 867 1631; x_wconf 78' lang='lat' dir='ltr'>corrector,</span> <span class='ocrx_word' id='word_1_24' title='bbox 896 1565 911 1615; x_wconf 80' lang='grc' dir='ltr'><em>λ</em></span> <span class='ocrx_word' id='word_1_25' title='bbox 934 1565 1073 1617; x_wconf 88' lang='lat' dir='ltr'>corrector</span> <span class='ocrx_word' id='word_1_26' title='bbox 1096 1580 1168 1618; x_wconf 88' lang='lat' dir='ltr'>saec.</span> <span class='ocrx_word' id='word_1_27' title='bbox 1187 1562 1247 1617; x_wconf 89' lang='lat' dir='ltr'>XII.</span> <span class='ocrx_word' id='word_1_28' title='bbox 1286 1565 1392 1619; x_wconf 88' lang='lat' dir='ltr'>saeculi</span> <span class='ocrx_word' id='word_1_29' title='bbox 1411 1564 1482 1619; x_wconf 88' lang='lat' dir='ltr'>XVI.</span> <span class='ocrx_word' id='word_1_30' title='bbox 1503 1583 1561 1620; x_wconf 93' lang='lat' dir='ltr'>cor·</span> 
     </span>
     <span class='ocr_line' id='line_1_5' title="bbox 336 1651 1221 1721; baseline -0.001 -17"><span class='ocrx_word' id='word_1_31' title='bbox 336 1651 475 1705; x_wconf 89' lang='lat' dir='ltr'>rectiones</span> <span class='ocrx_word' id='word_1_32' title='bbox 497 1651 530 1706; x_wconf 92' lang='lat' dir='ltr'>P.</span> <span class='ocrx_word' id='word_1_33' title='bbox 550 1651 679 1705; x_wconf 77' lang='lat' dir='ltr'><em>Danielis</em></span> <span class='ocrx_word' id='word_1_34' title='bbox 698 1654 770 1705; x_wconf 88' lang='lat' dir='ltr'>sunt.</span> <span class='ocrx_word' id='word_1_35' title='bbox 1218 1715 1221 1721; x_wconf 27' lang='grc' dir='ltr'>Ι</span> 
     </span>
    </p>

    <p class='ocr_par' dir='ltr' id='par_1_4' title="bbox 289 1739 1560 1899">
     <span class='ocr_line' id='line_1_6' title="bbox 289 1739 1560 1809; baseline 0.002 -15"><span class='ocrx_word' id='word_1_36' title='bbox 289 1740 316 1794; x_wconf 89' lang='lat' dir='ltr'><strong><em>V</em></strong></span> <span class='ocrx_word' id='word_1_37' title='bbox 337 1741 423 1794; x_wconf 87' lang='lat' dir='ltr'>codex</span> <span class='ocrx_word' id='word_1_38' title='bbox 432 1739 587 1794; x_wconf 86' lang='lat' dir='ltr'>Vaticanus</span> <span class='ocrx_word' id='word_1_39' title='bbox 606 1745 674 1794; x_wconf 84' lang='grc'><strong>3317</strong></span> <span class='ocrx_word' id='word_1_40' title='bbox 695 1740 801 1809; x_wconf 81' lang='lat' dir='ltr'><strong>(georg.</strong></span> <span class='ocrx_word' id='word_1_41' title='bbox 813 1739 919 1809; x_wconf 84' lang='lat' dir='ltr'>I-IV),</span> <span class='ocrx_word' id='word_1_42' title='bbox 938 1757 954 1794; x_wconf 85' lang='lat' dir='ltr'>o</span> <span class='ocrx_word' id='word_1_43' title='bbox 974 1739 1033 1793; x_wconf 85' lang='lat' dir='ltr'>eius</span> <span class='ocrx_word' id='word_1_44' title='bbox 1053 1741 1199 1795; x_wconf 85' lang='lat' dir='ltr'>corrector.</span> <span class='ocrx_word' id='word_1_45' title='bbox 1229 1740 1336 1796; x_wconf 85' lang='lat' dir='ltr'>scholia</span> <span class='ocrx_word' id='word_1_46' title='bbox 1355 1741 1437 1795; x_wconf 88' lang='lat' dir='ltr'>huius</span> <span class='ocrx_word' id='word_1_47' title='bbox 1457 1740 1560 1796; x_wconf 88' lang='lat' dir='ltr'>codicis</span> 
     </span>
     <span class='ocr_line' id='line_1_7' title="bbox 338 1824 1053 1899; baseline 0.003 -17"><span class='ocrx_word' id='word_1_48' title='bbox 338 1828 453 1899; x_wconf 88' lang='lat' dir='ltr'>propria</span> <span class='ocrx_word' id='word_1_49' title='bbox 470 1826 491 1882; x_wconf 88' lang='grc' dir='ltr'>Ι.</span> <span class='ocrx_word' id='word_1_50' title='bbox 511 1825 688 1897; x_wconf 86' lang='lat' dir='ltr'>Philargyrio</span> <span class='ocrx_word' id='word_1_51' title='bbox 707 1829 793 1898; x_wconf 81' lang='lat' dir='ltr'>vulgo</span> <span class='ocrx_word' id='word_1_52' title='bbox 813 1829 981 1885; x_wconf 83' lang='lat' dir='ltr'>tribuuntur.</span> <span class='ocrx_word' id='word_1_53' title='bbox 1051 1824 1053 1828; x_wconf 62' lang='grc'><strong>’</strong></span> 
     </span>
    </p>
   </div>
   <div class='ocr_carea' id='block_1_4' title="bbox 589 1987 1251 2046">
    <p class='ocr_par' dir='ltr' id='par_1_5' title="bbox 589 1987 1251 2046">
     <span class='ocr_line' id='line_1_8' title="bbox 589 1987 1251 2046; baseline 0.008 -6"><span class='ocrx_word' id='word_1_54' title='bbox 589 1987 623 2042; x_wconf 92' lang='grc' dir='ltr'>Π.</span> <span class='ocrx_word' id='word_1_55' title='bbox 658 1988 819 2043; x_wconf 83' lang='lat' dir='ltr'>Serviani</span> <span class='ocrx_word' id='word_1_56' title='bbox 843 1989 1082 2045; x_wconf 88' lang='lat' dir='ltr'>commentarii</span> <span class='ocrx_word' id='word_1_57' title='bbox 1105 1989 1251 2046; x_wconf 85' lang='lat' dir='ltr'>codices.</span> 
     </span>
    </p>
   </div>
   <div class='ocr_carea' id='block_1_5' title="bbox 283 2079 955 2696">
    <p class='ocr_par' dir='ltr' id='par_1_6' title="bbox 283 2079 955 2696">
     <span class='ocr_line' id='line_1_9' title="bbox 283 2079 793 2150; baseline -0.004 0"><span class='ocrx_word' id='word_1_58' title='bbox 283 2095 311 2150; x_wconf 82' lang='lat' dir='ltr'><strong><em>A</em></strong></span> <span class='ocrx_word' id='word_1_59' title='bbox 337 2094 559 2148; x_wconf 78' lang='lat' dir='ltr'>Caroliruhensis</span> <span class='ocrx_word' id='word_1_60' title='bbox 580 2100 630 2148; x_wconf 87' lang='lat'>116</span> <span class='ocrx_word' id='word_1_61' title='bbox 649 2109 721 2148; x_wconf 88' lang='lat' dir='ltr'>saec.</span> <span class='ocrx_word' id='word_1_62' title='bbox 742 2079 793 2149; x_wconf 21' lang='lat' dir='ltr'>X.-</span> 
     </span>
     <span class='ocr_line' id='line_1_10' title="bbox 283 2182 711 2238; baseline -0.005 0"><span class='ocrx_word' id='word_1_63' title='bbox 283 2184 311 2238; x_wconf 90' lang='lat' dir='ltr'><em>B</em></span> <span class='ocrx_word' id='word_1_64' title='bbox 337 2182 485 2238; x_wconf 87' lang='lat' dir='ltr'>Beruensis</span> <span class='ocrx_word' id='word_1_65' title='bbox 504 2189 555 2237; x_wconf 86' lang='grc'>363</span> <span class='ocrx_word' id='word_1_66' title='bbox 575 2199 645 2237; x_wconf 89' lang='lat' dir='ltr'>saec.</span> <span class='ocrx_word' id='word_1_67' title='bbox 665 2183 711 2237; x_wconf 89' lang='lat' dir='ltr'>IX.</span> 
     </span>
     <span class='ocr_line' id='line_1_11' title="bbox 287 2272 764 2339; baseline 0 -13"><span class='ocrx_word' id='word_1_68' title='bbox 287 2272 532 2339; x_wconf 66' lang='lat' dir='ltr'>Corolirmhensis)</span> <span class='ocrx_word' id='word_1_69' title='bbox 551 2277 607 2327; x_wconf 85' lang='grc'>186</span> <span class='ocrx_word' id='word_1_70' title='bbox 627 2288 700 2327; x_wconf 82' lang='lat' dir='ltr'>saec.</span> <span class='ocrx_word' id='word_1_71' title='bbox 719 2272 764 2327; x_wconf 87' lang='lat' dir='ltr'>IX.</span> 
     </span>
     <span class='ocr_line' id='line_1_12' title="bbox 284 2359 709 2416; baseline 0.005 -2"><span class='ocrx_word' id='word_1_72' title='bbox 284 2362 312 2414; x_wconf 92' lang='lat' dir='ltr'><strong><em>P</em></strong></span> <span class='ocrx_word' id='word_1_73' title='bbox 335 2359 478 2415; x_wconf 76' lang='lat' dir='ltr'>Parisinus</span> <span class='ocrx_word' id='word_1_74' title='bbox 499 2366 567 2414; x_wconf 81' lang='grc'>7969</span> <span class='ocrx_word' id='word_1_75' title='bbox 586 2377 657 2416; x_wconf 85' lang='lat' dir='ltr'>saec.</span> <span class='ocrx_word' id='word_1_76' title='bbox 677 2362 709 2416; x_wconf 89' lang='lat' dir='ltr'>X.</span> 
     </span>
     <span class='ocr_line' id='line_1_13' title="bbox 283 2449 770 2517; baseline 0.004 -15"><span class='ocrx_word' id='word_1_77' title='bbox 283 2450 317 2503; x_wconf 87' lang='lat' dir='ltr'><strong><em>H</em></strong></span> <span class='ocrx_word' id='word_1_78' title='bbox 337 2449 558 2517; x_wconf 79' lang='lat' dir='ltr'>Hamburgensis</span> <span class='ocrx_word' id='word_1_79' title='bbox 578 2455 611 2503; x_wconf 79' lang='lat'>52</span> <span class='ocrx_word' id='word_1_80' title='bbox 632 2465 704 2504; x_wconf 89' lang='lat' dir='ltr'>saec.</span> <span class='ocrx_word' id='word_1_81' title='bbox 724 2450 770 2504; x_wconf 88' lang='lat' dir='ltr'>XI.</span> 
     </span>
     <span class='ocr_line' id='line_1_14' title="bbox 285 2536 761 2594; baseline 0.002 -3"><span class='ocrx_word' id='word_1_82' title='bbox 285 2539 321 2591; x_wconf 89' lang='lat' dir='ltr'><em>M</em></span> <span class='ocrx_word' id='word_1_83' title='bbox 339 2536 514 2592; x_wconf 79' lang='lat' dir='ltr'><strong>Monacensis</strong></span> <span class='ocrx_word' id='word_1_84' title='bbox 534 2544 604 2593; x_wconf 86' lang='grc'><strong>6394</strong></span> <span class='ocrx_word' id='word_1_85' title='bbox 623 2555 694 2594; x_wconf 83' lang='lat' dir='ltr'>saec.</span> <span class='ocrx_word' id='word_1_86' title='bbox 715 2538 761 2592; x_wconf 91' lang='lat' dir='ltr'>XI.</span> 
     </span>
     <span class='ocr_line' id='line_1_15' title="bbox 372 2628 955 2696; baseline 0.003 -14"><span class='ocrx_word' id='word_1_87' title='bbox 372 2629 493 2696; x_wconf 79' lang='lat' dir='ltr'>obphm</span> <span class='ocrx_word' id='word_1_88' title='bbox 511 2628 610 2683; x_wconf 88' lang='lat' dir='ltr'>horum</span> <span class='ocrx_word' id='word_1_89' title='bbox 630 2630 758 2685; x_wconf 89' lang='lat' dir='ltr'>codicum</span> <span class='ocrx_word' id='word_1_90' title='bbox 778 2631 955 2684; x_wconf 75' lang='lat' dir='ltr'>correctores.</span> 
     </span>
    </p>
   </div>
   <div class='ocr_carea' id='block_1_6' title="bbox 281 2715 912 2790">
    <p class='ocr_par' dir='ltr' id='par_1_7' title="bbox 281 2715 912 2790">
     <span class='ocr_line' id='line_1_16' title="bbox 281 2715 912 2790; baseline 0.006 -21"><span class='ocrx_word' id='word_1_91' title='bbox 281 2716 348 2771; x_wconf 79' lang='lat' dir='ltr'>&#39;Voa</span> <span class='ocrx_word' id='word_1_92' title='bbox 377 2715 530 2770; x_wconf 75' lang='lat' dir='ltr'>Vossianus</span> <span class='ocrx_word' id='word_1_93' title='bbox 549 2718 607 2771; x_wconf 68' lang='lat'>1¹01.</span> <span class='ocrx_word' id='word_1_94' title='bbox 630 2723 662 2770; x_wconf 80' lang='lat'>12</span> <span class='ocrx_word' id='word_1_95' title='bbox 683 2719 785 2786; x_wconf 89' lang='lat' dir='ltr'>(bucol.</span> <span class='ocrx_word' id='word_1_96' title='bbox 805 2719 912 2790; x_wconf 72' lang='lat' dir='ltr'>praefi).</span> 
     </span>
    </p>
   </div>
   <div class='ocr_carea' id='block_1_7' title="bbox 209 2804 833 2974">
    <p class='ocr_par' dir='ltr' id='par_1_8' title="bbox 209 2804 833 2974">
     <span class='ocr_line' id='line_1_17' title="bbox 283 2804 833 2874; baseline 0.002 -16"><span class='ocrx_word' id='word_1_97' title='bbox 283 2806 310 2858; x_wconf 90' lang='lat' dir='ltr'><strong><em>L</em></strong></span> <span class='ocrx_word' id='word_1_98' title='bbox 337 2804 541 2858; x_wconf 77' lang='lat' dir='ltr'>Laurentianus</span> <span class='ocrx_word' id='word_1_99' title='bbox 564 2807 634 2874; x_wconf 87' lang='lat' dir='ltr'>plut.</span> <span class='ocrx_word' id='word_1_100' title='bbox 654 2812 689 2859; x_wconf 78' lang='lat'>45</span> <span class='ocrx_word' id='word_1_101' title='bbox 718 2808 777 2863; x_wconf 88' lang='lat' dir='ltr'>cod.</span> <span class='ocrx_word' id='word_1_102' title='bbox 800 2813 833 2860; x_wconf 86' lang='lat'>14</span> 
     </span>
     <span class='ocr_line' id='line_1_18' title="bbox 209 2892 567 2974; baseline -0.003 -27"><span class='ocrx_word' id='word_1_103' title='bbox 209 2965 212 2974; x_wconf 36' lang='grc' dir='ltr'>Ι</span> <span class='ocrx_word' id='word_1_104' title='bbox 283 2894 316 2947; x_wconf 88' lang='lat' dir='ltr'><strong><em>N</em></strong></span> <span class='ocrx_word' id='word_1_105' title='bbox 338 2892 479 2946; x_wconf 76' lang='lat' dir='ltr'>Parisinus</span> <span class='ocrx_word' id='word_1_106' title='bbox 499 2899 567 2946; x_wconf 75' lang='lat'>7960</span> 
     </span>
    </p>
   </div>
   <div class='ocr_carea' id='block_1_8' title="bbox 284 2981 1560 3141">
    <p class='ocr_par' dir='ltr' id='par_1_9' title="bbox 284 2981 1560 3141">
     <span class='ocr_line' id='line_1_19' title="bbox 284 2981 1560 3055; baseline 0.004 -19"><span class='ocrx_word' id='word_1_107' title='bbox 284 2981 311 3036; x_wconf 83' lang='lat' dir='ltr'><em>R</em></span> <span class='ocrx_word' id='word_1_108' title='bbox 339 2982 505 3050; x_wconf 81' lang='lat' dir='ltr'>Reginensis</span> <span class='ocrx_word' id='word_1_109' title='bbox 526 2986 610 3050; x_wconf 83' lang='lat'>1495,</span> <span class='ocrx_word' id='word_1_110' title='bbox 631 2982 722 3037; x_wconf 89' lang='lat' dir='ltr'>Servii</span> <span class='ocrx_word' id='word_1_111' title='bbox 740 2984 769 3037; x_wconf 94' lang='lat' dir='ltr'>in</span> <span class='ocrx_word' id='word_1_112' title='bbox 787 2985 917 3039; x_wconf 86' lang='lat' dir='ltr'>bucolica</span> <span class='ocrx_word' id='word_1_113' title='bbox 936 2988 964 3039; x_wconf 92' lang='lat' dir='ltr'>et</span> <span class='ocrx_word' id='word_1_114' title='bbox 982 3001 1075 3055; x_wconf 81' lang='lat' dir='ltr'>georg.</span> <span class='ocrx_word' id='word_1_115' title='bbox 1096 2986 1109 3038; x_wconf 93' lang='grc' dir='ltr'>Ι</span> <span class='ocrx_word' id='word_1_116' title='bbox 1130 2993 1242 3041; x_wconf 80' lang='grc'><strong>1-375</strong></span> <span class='ocrx_word' id='word_1_117' title='bbox 1262 2986 1477 3042; x_wconf 87' lang='lat' dir='ltr'>commentarios</span> <span class='ocrx_word' id='word_1_118' title='bbox 1497 3005 1560 3041; x_wconf 90' lang='lat' dir='ltr'>cum</span> 
     </span>
     <span class='ocr_line' id='line_1_20' title="bbox 337 3069 1043 3141; baseline 0.007 -16"><span class='ocrx_word' id='word_1_119' title='bbox 337 3070 450 3125; x_wconf 89' lang='lat' dir='ltr'>scholiis</span> <span class='ocrx_word' id='word_1_120' title='bbox 470 3086 541 3124; x_wconf 86' lang='lat' dir='ltr'>saec.</span> <span class='ocrx_word' id='word_1_121' title='bbox 561 3069 613 3123; x_wconf 89' lang='lat' dir='ltr'>VII</span> <span class='ocrx_word' id='word_1_122' title='bbox 632 3073 737 3141; x_wconf 82' lang='lat' dir='ltr'>partim</span> <span class='ocrx_word' id='word_1_123' title='bbox 756 3071 870 3127; x_wconf 89' lang='lat' dir='ltr'>ineditis</span> <span class='ocrx_word' id='word_1_124' title='bbox 891 3073 1043 3130; x_wconf 88' lang='lat' dir='ltr'>continens.</span> 
     </span>
    </p>
   </div>
   <div class='ocr_carea' id='block_1_9' title="bbox 836 2843 1226 2922">
    <p class='ocr_par' dir='ltr' id='par_1_10' title="bbox 836 2843 1226 2922">
     <span class='ocr_line' id='line_1_21' title="bbox 836 2843 1226 2922; baseline 0.013 -27"><span class='ocrx_word' id='word_1_125' title='bbox 836 2907 841 2922; x_wconf 26' lang='grc' dir='ltr'>ι</span> <span class='ocrx_word' id='word_1_126' title='bbox 887 2843 988 2912; x_wconf 86' lang='lat' dir='ltr'>(bucol.</span> <span class='ocrx_word' id='word_1_127' title='bbox 1008 2844 1018 2896; x_wconf 85' lang='lat' dir='ltr'>J</span> <span class='ocrx_word' id='word_1_128' title='bbox 1040 2844 1155 2899; x_wconf 74' lang='lat'>37-11</span> <span class='ocrx_word' id='word_1_129' title='bbox 1175 2848 1226 2914; x_wconf 89' lang='grc'>10).</span> 
     </span>
    </p>
   </div>
   <div class='ocr_carea' id='block_1_10' title="bbox 680 3231 1163 3303">
    <p class='ocr_par' dir='ltr' id='par_1_11' title="bbox 680 3231 1163 3303">
     <span class='ocr_line' id='line_1_22' title="bbox 680 3231 1163 3303; baseline 0.01 -20"><span class='ocrx_word' id='word_1_130' title='bbox 680 3231 726 3286; x_wconf 87' lang='grc' dir='ltr'>ΙΗ.</span> <span class='ocrx_word' id='word_1_131' title='bbox 756 3233 968 3303; x_wconf 85' lang='lat' dir='ltr'>exemplaria</span> <span class='ocrx_word' id='word_1_132' title='bbox 990 3235 1163 3303; x_wconf 88' lang='lat' dir='ltr'>impressa.</span> 
     </span>
    </p>
   </div>
   <div class='ocr_carea' id='block_1_11' title="bbox 283 3337 893 3571">
    <p class='ocr_par' dir='ltr' id='par_1_12' title="bbox 283 3337 893 3571">
     <span class='ocr_line' id='line_1_23' title="bbox 283 3337 893 3408; baseline 0.002 -16"><span class='ocrx_word' id='word_1_133' title='bbox 283 3337 372 3408; x_wconf 75' lang='lat' dir='ltr'>Stept.</span> <span class='ocrx_word' id='word_1_134' title='bbox 411 3356 453 3393; x_wconf 84' lang='lat' dir='ltr'>ex.</span> <span class='ocrx_word' id='word_1_135' title='bbox 473 3338 590 3393; x_wconf 80' lang='lat' dir='ltr'>Roberti</span> <span class='ocrx_word' id='word_1_136' title='bbox 610 3337 746 3407; x_wconf 79' lang='lat' dir='ltr'>Stephani</span> <span class='ocrx_word' id='word_1_137' title='bbox 770 3355 795 3392; x_wconf 87' lang='lat' dir='ltr'>a.</span> <span class='ocrx_word' id='word_1_138' title='bbox 817 3346 893 3393; x_wconf 75' lang='lat'>1532.</span> 
     </span>
     <span class='ocr_line' id='line_1_24' title="bbox 285 3426 874 3496; baseline 0.002 -17"><span class='ocrx_word' id='word_1_139' title='bbox 285 3426 373 3481; x_wconf 83' lang='lat' dir='ltr'>Febr.</span> <span class='ocrx_word' id='word_1_140' title='bbox 412 3445 453 3482; x_wconf 85' lang='lat' dir='ltr'>ex.</span> <span class='ocrx_word' id='word_1_141' title='bbox 474 3427 588 3496; x_wconf 78' lang='lat' dir='ltr'>Georgii</span> <span class='ocrx_word' id='word_1_142' title='bbox 608 3426 729 3481; x_wconf 79' lang='lat' dir='ltr'>Fabricii</span> <span class='ocrx_word' id='word_1_143' title='bbox 753 3445 776 3480; x_wconf 87' lang='lat' dir='ltr'>a.</span> <span class='ocrx_word' id='word_1_144' title='bbox 799 3431 874 3481; x_wconf 78' lang='lat'>1575.</span> 
     </span>
     <span class='ocr_line' id='line_1_25' title="bbox 283 3515 836 3571; baseline 0.004 -3"><span class='ocrx_word' id='word_1_145' title='bbox 283 3516 388 3571; x_wconf 81' lang='lat' dir='ltr'>Daniel</span> <span class='ocrx_word' id='word_1_146' title='bbox 412 3534 452 3570; x_wconf 83' lang='lat' dir='ltr'>ex.</span> <span class='ocrx_word' id='word_1_147' title='bbox 472 3515 549 3570; x_wconf 92' lang='lat' dir='ltr'>Petri</span> <span class='ocrx_word' id='word_1_148' title='bbox 567 3515 691 3570; x_wconf 78' lang='lat' dir='ltr'>Danielis</span> <span class='ocrx_word' id='word_1_149' title='bbox 715 3532 739 3570; x_wconf 88' lang='lat' dir='ltr'>a.</span> <span class='ocrx_word' id='word_1_150' title='bbox 762 3523 836 3570; x_wconf 84' lang='lat'>1600.</span> 
     </span>
    </p>
   </div>
   <div class='ocr_carea' id='block_1_12' title="bbox 282 3782 1559 3941">
    <p class='ocr_par' dir='ltr' id='par_1_13' title="bbox 282 3782 1559 3941">
     <span class='ocr_line' id='line_1_26' title="bbox 355 3782 1559 3852; baseline 0.002 -17"><span class='ocrx_word' id='word_1_151' title='bbox 355 3782 440 3835; x_wconf 90' lang='lat' dir='ltr'>Vncis</span> <span class='ocrx_word' id='word_1_152' title='bbox 464 3783 590 3837; x_wconf 90' lang='lat' dir='ltr'>rotundis</span> <span class='ocrx_word' id='word_1_153' title='bbox 614 3799 648 3837; x_wconf 90' lang='lat' dir='ltr'>ea</span> <span class='ocrx_word' id='word_1_154' title='bbox 671 3797 743 3850; x_wconf 88' lang='lat' dir='ltr'>quae</span> <span class='ocrx_word' id='word_1_155' title='bbox 767 3798 782 3835; x_wconf 93' lang='lat' dir='ltr'>e</span> <span class='ocrx_word' id='word_1_156' title='bbox 802 3783 962 3837; x_wconf 86' lang='lat' dir='ltr'>coniectura</span> <span class='ocrx_word' id='word_1_157' title='bbox 980 3782 1076 3836; x_wconf 86' lang='lat' dir='ltr'>addita</span> <span class='ocrx_word' id='word_1_158' title='bbox 1095 3786 1172 3849; x_wconf 84' lang='lat' dir='ltr'>sunt,</span> <span class='ocrx_word' id='word_1_159' title='bbox 1202 3783 1347 3852; x_wconf 88' lang='lat' dir='ltr'>quadratis</span> <span class='ocrx_word' id='word_1_160' title='bbox 1367 3799 1400 3837; x_wconf 89' lang='lat' dir='ltr'>ea</span> <span class='ocrx_word' id='word_1_161' title='bbox 1421 3800 1492 3851; x_wconf 87' lang='lat' dir='ltr'>quae</span> <span class='ocrx_word' id='word_1_162' title='bbox 1511 3784 1559 3838; x_wconf 88' lang='lat' dir='ltr'>ab·</span> 
     </span>
     <span class='ocr_line' id='line_1_27' title="bbox 282 3869 1558 3941; baseline 0.002 -19"><span class='ocrx_word' id='word_1_163' title='bbox 282 3869 393 3925; x_wconf 88' lang='lat' dir='ltr'>icienda</span> <span class='ocrx_word' id='word_1_164' title='bbox 417 3869 596 3940; x_wconf 85' lang='lat' dir='ltr'>videbantur,</span> <span class='ocrx_word' id='word_1_165' title='bbox 624 3870 792 3925; x_wconf 87' lang='lat' dir='ltr'>includenda</span> <span class='ocrx_word' id='word_1_166' title='bbox 815 3870 918 3926; x_wconf 86' lang='lat' dir='ltr'>curavi.</span> <span class='ocrx_word' id='word_1_167' title='bbox 955 3871 1048 3925; x_wconf 88' lang='lat' dir='ltr'>verbis</span> <span class='ocrx_word' id='word_1_168' title='bbox 1072 3871 1248 3941; x_wconf 85' lang='lat' dir='ltr'>transpositis</span> <span class='ocrx_word' id='word_1_169' title='bbox 1273 3874 1302 3925; x_wconf 90' lang='lat' dir='ltr'>et</span> <span class='ocrx_word' id='word_1_170' title='bbox 1325 3873 1361 3925; x_wconf 85' lang='lat' dir='ltr'>ab</span> <span class='ocrx_word' id='word_1_171' title='bbox 1381 3871 1461 3926; x_wconf 89' lang='lat' dir='ltr'>initio</span> <span class='ocrx_word' id='word_1_172' title='bbox 1481 3874 1558 3927; x_wconf 90' lang='lat' dir='ltr'>etin</span> 
     </span>
    </p>
   </div>
   <div class='ocr_carea' id='block_1_13' title="bbox 283 3959 1651 4031">
    <p class='ocr_par' dir='ltr' id='par_1_14' title="bbox 283 3959 1651 4031">
     <span class='ocr_line' id='line_1_28' title="bbox 283 3959 1651 4031; baseline 0.004 -19"><span class='ocrx_word' id='word_1_173' title='bbox 283 3959 337 4013; x_wconf 87' lang='lat' dir='ltr'>fine</span> <span class='ocrx_word' id='word_1_174' title='bbox 363 3959 527 4014; x_wconf 81' lang='lat' dir='ltr'>asteriscum</span> <span class='ocrx_word' id='word_1_175' title='bbox 552 3976 636 4029; x_wconf 87' lang='lat' dir='ltr'>supra</span> <span class='ocrx_word' id='word_1_176' title='bbox 660 3976 770 4013; x_wconf 82' lang='lat' dir='ltr'>versum</span> <span class='ocrx_word' id='word_1_177' title='bbox 796 3960 921 4030; x_wconf 87' lang='lat' dir='ltr'>adposui.</span> <span class='ocrx_word' id='word_1_178' title='bbox 958 3961 1106 4014; x_wconf 88' lang='lat' dir='ltr'>asteriscus</span> <span class='ocrx_word' id='word_1_179' title='bbox 1125 3960 1154 4014; x_wconf 91' lang='lat' dir='ltr'>in</span> <span class='ocrx_word' id='word_1_180' title='bbox 1173 3961 1233 4028; x_wconf 90' lang='lat' dir='ltr'>ipso</span> <span class='ocrx_word' id='word_1_181' title='bbox 1253 3977 1336 4015; x_wconf 88' lang='lat' dir='ltr'>versu</span> <span class='ocrx_word' id='word_1_182' title='bbox 1354 3961 1461 4031; x_wconf 86' lang='lat' dir='ltr'>positus</span> <span class='ocrx_word' id='word_1_183' title='bbox 1480 3960 1557 4016; x_wconf 89' lang='lat' dir='ltr'>lacu·</span> <span class='ocrx_word' id='word_1_184' title='bbox 1648 3995 1651 4005; x_wconf 49' lang='lat' dir='ltr'><em>s</em></span> 
     </span>
    </p>
   </div>
   <div class='ocr_carea' id='block_1_14' title="bbox 284 4046 483 4102">
    <p class='ocr_par' dir='ltr' id='par_1_15' title="bbox 284 4046 483 4102">
     <span class='ocr_line' id='line_1_29' title="bbox 284 4046 483 4102; baseline -0.01 0"><span class='ocrx_word' id='word_1_185' title='bbox 284 4065 349 4102; x_wconf 89' lang='lat' dir='ltr'>nam</span> <span class='ocrx_word' id='word_1_186' title='bbox 368 4046 483 4101; x_wconf 87' lang='lat' dir='ltr'>indicat.</span> 
     </span>
    </p>
   </div>
   <div class='ocr_carea' id='block_1_15' title="bbox 0 0 1683 5430">
    <p class='ocr_par' dir='ltr' id='par_1_16' title="bbox 0 0 1683 5430">
     <span class='ocr_line' id='line_1_30' title="bbox 0 0 1683 5430; baseline 0 0"><span class='ocrx_word' id='word_1_187' title='bbox 0 0 1683 5430; x_wconf 95' lang='lat' dir='ltr'> </span> 
     </span>
    </p>
   </div>
  </div>
 </body>
</html>
