3354 5430
544 1443 716 1519 SERVII
744 1441 1075 1519 GRAMMATICI

229 1627 284 1709 IN
318 1627 553 1712 vanuum
586 1626 890 1711 u-noauloou
922 1627 1125 1713 LIBRVM
1157 1628 1388 1715 runrlvll
1426 1736 1429 1741 .

599 1803 1017 1891 COMMENTARIVS.

264 2013 290 2075 1.
328 2029 372 2074 ΤΕ
398 2028 541 2089 QVOQVE
566 2028 688 2076 nnana
711 2028 819 2075 Panas
843 2011 975 2076 invocat
999 2011 1091 2075 deam
1114 2012 1227 2097 pabuli
1247 2013 1388 2078 dicturus
1409 2013 1447 2077 de
1473 1991 1476 1995 ⁴

171 2118 380 2202 animalibus,
403 2119 487 2183 sicut
510 2118 548 2182 de
572 2118 742 2182 frumentis
762 2118 906 2182 dicturus
926 2122 959 2182 ot
978 2118 1098 2182 vitibus
1114 2117 1264 2184 Cererem
1283 2121 1447 2185 invocavit

171 2230 204 2289 et
232 2225 395 2290 Liberum.
443 2248 520 2290 sane
547 2248 613 2291 non
641 2229 691 2290 est
719 2225 915 2309 mirandum,
948 2248 1042 2289 usum
1071 2246 1140 2289 esse
1170 2248 1243 2290 eum
1272 2227 1448 2311 prooemio,

171 2319 255 2397 sicut
283 2336 334 2397 est
362 2355 439 2397 usus
467 2332 501 2396 in
528 2333 648 2417 primo:
685 2354 760 2396 nam
789 2332 877 2396 aliud
901 2333 1139 2416 quodammodo
1162 2334 1372 2399 inchoaturus
1397 2337 1447 2397 est

171 2461 314 2524 carmen,
351 2443 516 2525 pastorale
554 2441 691 2523 scilicet,
727 2444 803 2524 post
841 2440 1038 2524 completum
1079 2441 1276 2525 georgicum.
1335 2440 1482 2504 deiudeu

170 2547 298 2610 etiarnsi
321 2570 422 2611 unum
447 2549 504 2631 sit,
528 2548 646 2612 scimus
671 2569 858 2612 conoessum
877 2570 948 2612 esse
969 2547 1198 2632 scribentibus,
1222 2551 1258 2611 ut
1276 2548 1448 2611 iteratione

170 2653 326 2737 prooemii
354 2656 520 2740 legentum
547 2655 695 2718 reficiant
719 2654 880 2718 interdum
906 2654 1066 2718 laborem:
1099 2676 1175 2719 nam
1199 2659 1231 2719 ct
1254 2653 1364 2718 Livius
1389 2654 1448 2716 fre-

170 2765 306 2846 quenter
328 2761 464 2827 innovat
486 2762 660 2846 principia,
693 2765 729 2824 ut
757 2762 914 2826 incensa
943 2785 962 2826 a
989 2761 1116 2825 Gallis
1144 2764 1252 2845 urbe,
1285 2766 1321 2824 ut
1349 2783 1447 2825 com·

168 2868 290 2952 pletis
314 2869 554 2953 consulibua,
578 2873 611 2933 ct
630 2867 742 2934 Cicero
761 2869 795 2932 in
805 2867 967 2952 Verrinis,
994 2869 1049 2952 qui
1068 2869 1102 2932 in
1122 2867 1336 2932 frumentaria
1351 2867 1388 2949 <l
1406 2868 1447 2950 1>

171 2975 359 3041 conciliavit
387 2976 572 3041 auditorum
601 2977 725 3040 animos
754 2978 924 3040 iteratione
948 2975 1113 3059 principii,
1145 2979 1182 3038 ut
1215 2996 1347 3039 omnes
1381 2974 1446 3059 qui
1470 2990 1501 3037 10

170 3084 336 3147 alterum
360 3083 508 3150 iudices
531 3084 650 3148 callis
673 3085 828 3167 lrapulsc'
850 3082 1076 3148 inimicitiis.
1102 3079 1198 3145 Pales
1214 3080 1447 3165 autem,utdi·

170 3191 289 3274 rimus,
313 3190 373 3254 dea
396 3194 447 3254 est
469 3189 594 3273 pabuli:
619 3213 714 3274 quam
734 3191 790 3255 alii
805 3190 954 3267 Vestam,
978 3190 1034 3252 alii
1054 3193 1192 3253 matrem
1212 3189 1305 3253 deum
1325 3189 1447 3254 volunt.

171 3296 255 3361 hanc
277 3296 444 3382 Vergilius
476 3318 593 3381 genere
624 3297 779 3361 feminino
810 3297 969 3380 appellat,
1002 3297 1071 3381 alii,
1104 3297 1189 3360 inter
1223 3318 1304 3380 quos
1332 3294 1448 3378 Varro,

171 3404 363 3489 masculino,
395 3407 432 3467 ut
455 3402 521 3467 ‘hic
545 3401 661 3468 Pales’.
708 3403 782 3468 huic
811 3425 903 3468 sacra
932 3404 1104 3468 solvuntur
1132 3422 1179 3468 xa
1202 3402 1258 3467 Kr.
1287 3401 1448 3466 Maiarum

170 3511 234 3594 die,
258 3533 340 3595 quae
364 3511 480 3575 Palilia
503 3513 670 3576 vocantur.
996 3544 1001 3555 ·
1469 3527 1500 3574 15

257 3620 287 3683 2.
323 3635 457 3684 Pnsrou
486 3637 530 3682 ΑΒ
558 3635 745 3682 nnrnnrso
779 3616 985 3701 Amphrysus
1018 3617 1134 3682 fluvius
1168 3620 1219 3680 est
1247 3616 1446 3701 Thessaliae,

169 3727 255 3790 circa
272 3748 367 3811 quern
383 3725 518 3809 Apollo,
538 3726 697 3809 spoliatus
718 3724 887 3788 divinitate
907 3725 949 3788 ob
969 3723 1093 3788 occisos
1109 3722 1284 3808 Cyclopea,
1305 3724 1444 3788 Admeto

168 3834 238 3919 regi
262 3832 390 3918 pavisse
413 3836 562 3897 armenta
586 3832 715 3897 dicitur:
739 3832 823 3896 unde
848 3853 920 3931 eum
943 3853 1028 3896 nunc
1051 3832 1189 3896 invocat.
1226 3832 1282 3915 qui
1306 3830 1444 3895 Nomius

258 4014 273 4062 7
293 4007 401 4078 Liuius]
424 4008 524 4077 fragm.
544 4015 578 4062 64
601 4027 628 4076 p.
643 4013 696 4062 235
716 4007 799 4061 Hertz
826 4010 835 4076 1
864 4013 895 4061 11
920 4007 1001 4061 Pales
1024 4005 1333 4075 autem...vocantur]
1358 4023 1444 4059 exscr.

168 4078 307 4220 ffipffipgrr.
326 4079 367 4203 {llll
383 4085 411 4216 ξ’,
425 4087 457 4205 p,
466 4082 475 4150 11
497 4083 530 4133 ut
548 4079 680 4150 diximus]
700 4079 762 4133 buc.
782 4078 807 4132 V
826 4085 860 4133 35
879 4082 888 4149 11
908 4085 941 4133 18
960 4079 1009 4147 qui
1027 4077 1388 4147 Nomius...chordarum]
1409 4077 1444 4132 cf.

256 4319 274 4364 4
291 4310 365 4365 siout
381 4330 448 4366 usus
467 4313 510 4365 est
528 4313 556 4365 A
581 4311 654 4365 sicut
672 4311 702 4364 et
720 4329 784 4363 usus
804 4315 846 4364 est
869 4310 915 4379 Vss
929 4327 993 4363 nam
1014 4311 1043 4363 et
1061 4309 1138 4362 aliud
1162 4309 1206 4379 Vll
1221 4309 1445 4378 quodammodo-l

167 4382 251 4437 ruodo
270 4384 297 4437 B
311 4385 350 4453 16
370 4384 481 4438 etiamsi
499 4401 584 4436 unum
603 4399 715 4436 carmen
734 4383 772 4435 sit
785 4383 813 4435 B
827 4384 865 4449 17
886 4381 1039 4449 legentium
1055 4382 1082 4435 B
1093 4381 1118 4432 V
1129 4380 1168 4448 119
1189 4380 1218 4433 in
1237 4381 1330 4435 uernis
1347 4380 1375 4433 P
1387 4384 1395 4450 11
1412 4386 1445 4433 10

168 4454 258 4509 omnis
283 4455 338 4524 Vl
361 4456 409 4524 qui
428 4455 559 4526 alterum]
579 4455 691 4522 quidem
711 4453 739 4505 P
773 4453 821 4519 qui
840 4454 926 4506 allam
946 4454 980 4506 H
999 4455 1008 4520 1
1034 4458 1064 4504 11
1085 4451 1192 4506 iudices
1213 4453 1241 4505 P
1252 4453 1287 4506 V:
1306 4453 1361 4505 iud.
1382 4449 1450 4504 AB

167 4526 291 4582 iudicant
308 4528 389 4596 culpo
403 4529 412 4596 11
426 4527 562 4596 impulsus
587 4526 681 4594 71111
701 4527 808 4578 uestem
828 4525 875 4592 Ρ11
889 4526 992 4578 uocant
1010 4523 1072 4577 BV
1087 4524 1096 4591 11
1116 4530 1149 4576 14
1168 4539 1270 4593 genere
1289 4522 1446 4577 masculino

167 4599 195 4651 B
231 4596 385 4653 masculino
405 4616 505 4665 genere
525 4599 556 4652 P.
594 4599 628 4663 cf.
649 4597 752 4650 Prellcr
771 4595 863 4648 Roerrr.
883 4596 998 4664 Mytlrol.
1019 4594 1043 4645 1³
1063 4600 1094 4646 81
1116 4596 1240 4653 adarim
1264 4598 1274 4663 11
1295 4614 1320 4647 x.
1340 4595 1368 4647 A
1381 4596 1390 4663 11
1413 4600 1444 4647 15

168 4687 223 4737 qua
240 4670 303 4724 VH
313 4671 322 4739 11
336 4669 434 4738 palilia
454 4671 481 4722 Ρ
489 4669 525 4723 V:
545 4669 621 4737 palia
640 4671 663 4720 Λ
690 4666 798 4736 papilia
817 4668 903 4736 1an
921 4672 949 4717 17
970 4665 1127 4733 expoliatus
1149 4667 1215 4718 PH
1225 4670 1234 4737 11
1249 4667 1378 4735 cyclopes
1399 4666 1448 4736 Η11

167 4741 273 4796 admeti
292 4742 365 4809 regis
389 4741 435 4795 Vb
463 4741 575 4794 admeto
594 4757 660 4808 rege
679 4740 713 4792 H
728 4741 737 4807 1
758 4743 789 4790 18
809 4738 869 4808 qui]
890 4737 956 4805 quia
981 4737 1026 4805 Vll
1040 4738 1128 4806 νομῆς
1147 4740 1265 4807 (11.172,
1283 4737 1321 4807 1)]
1343 4735 1447 4790 nomiis

122 4842 125 4849 ·
167 4814 195 4867 A
215 4816 295 4883 (corr.
315 4818 343 4881 a)
369 4832 457 4867 uouuc
481 4811 507 4865 V
534 4830 633 4866 noaruc
652 4811 686 4865 H
