3354 5430
218 349 283 412 248
794 292 938 405 suam

218 514 318 578 ticam
346 514 441 596 dixit3
473 536 549 576 nam
578 512 697 577 falsum
726 518 784 578 est.
831 517 960 578 constat
983 514 1067 576 enim
1093 516 1169 596 post
1191 512 1314 576 factum
1339 513 1492 576 mundum

219 643 256 685 ex
281 621 439 704 qualitate
464 620 542 685 solis
566 624 714 705 tempora
738 644 808 685 esse
833 621 944 685 divisa.
990 621 1146 685 cialiter:
1179 622 1207 685 si
1230 621 1348 698 crescit,
1376 621 1493 702 deficit:

219 729 253 792 irc
275 750 334 809 000
356 729 477 793 oidetor
499 734 617 793 secutos
638 729 826 810 E‘rricorccm,
849 729 904 810 orci
925 729 984 806 cii,
1008 729 1127 806 arceio,
1150 748 1229 808 quoe
1251 732 1332 811 orio,
1355 729 1495 792 occidunt

218 841 246 898 et
268 840 359 898 cocio
380 840 545 900 senescant.
580 835 679 900 Vorro
702 840 803 900 000000
827 837 861 899 io
884 840 1005 913 sotere,
1028 856 1106 916 quoe
1128 835 1308 899 inscribitur
1329 835 1365 899 dc
1386 836 1495 918 sarco,

184 943 278 1008 asic:
301 943 452 1006 rrcoodcra
474 943 560 1008 lrood
580 948 689 1007 ocimo
713 964 782 1020 csso,
805 964 898 1024 oreque
921 943 1016 1019 orori;
1045 942 1139 1006 Picio
1162 947 1279 1024 cirtem,
1301 961 1364 1005 riorc
1385 947 1495 1005 notorii

218 1053 275 1113 orci
296 1050 391 1126 ocori;
416 1050 612 1115 Metrodorus
635 1055 751 1128 ordeni,
775 1071 868 1132 neeric
885 1055 997 1114 coicior
1019 1071 1113 1130 neqrce
1130 1050 1227 1126 mori·
1250 1049 1366 1126 Zenon,
1385 1069 1422 1113 ec
1439 1048 1495 1113 hoc

219 1158 333 1220 rotrodo
356 1158 496 1238 quamvis
519 1158 627 1238 aliquo
650 1138 815 1240 interiori,
843 1162 946 1222 terrico
970 1160 1070 1240 ipsccm
1088 1161 1233 1238 perpetoo
1256 1176 1393 1236 moriere,
1420 1157 1496 1236 qnia

219 1263 399 1327 irclcoereorci
421 1264 449 1327 ei
471 1264 630 1347 ciceronio,
654 1286 669 1328 c
691 1264 800 1345 onibus
820 1270 1007 1345 yoccrooior
1029 1265 1189 1343 materiae,
1213 1268 1248 1328 cd
1269 1263 1350 1327 dieii
1367 1284 1495 1328 cresccre

220 1371 354 1452 quidem,
376 1371 429 1435 scd
445 1371 488 1435 od
504 1370 663 1434 irrieritoor
682 1391 744 1433 riori
757 1359 928 1451 pooeoirc,
952 1372 1145 1436 monentibus
1162 1372 1327 1453 clarentio,
1347 1391 1367 1433 o
1385 1370 1495 1452 coctos

170 1497 201 1543 10
221 1479 392 1543 recalescat

310 1586 384 1649 337.
422 1601 587 1649 nunonem
611 1584 756 1668 ductum,
779 1585 828 1648 liic
850 1587 1117 1651 continuationem.

312 1694 385 1757 338.
424 1709 493 1755 van
517 1708 622 1754 navo
647 1710 737 1755 naar
762 1692 913 1756 absoluta
937 1694 1091 1757 elocutio:
1116 1692 1267 1778 quicquid
1290 1692 1372 1756 illud
1392 1693 1498 1775 fuerit,

221 1823 277 1864 ver
300 1799 372 1863 fuit.
466 1820 527 1861 rna
551 1820 682 1862 ocncnrs
706 1796 851 1884 (nconnr
874 1798 913 1882 o.)
942 1802 1088 1881 orroroodo
1112 1802 1231 1882 dicaci,
1258 1800 1395 1864 homines
1416 1800 1498 1864 dicor

220 1909 332 1987 testera
355 1928 451 1989 oocrc.
496 1926 643 1987 incensori
666 1906 766 1969 orbem
783 1911 882 1989 potest
904 1913 931 1970 ei
953 1908 1111 1971 codiocoro
1134 1908 1282 1971 circulum
1305 1907 1414 1989 dicere,
1443 1909 1498 1988 qui

170 2015 318 2093 15100100
343 2014 523 2077 divisionem
551 2018 734 2093 terrenorum:
770 2015 851 2095 qecod
875 2015 905 2077 si
933 2019 988 2092 cst,
1012 2013 1146 2096 ‘coelet'
1166 2035 1225 2095 pro
1249 2013 1497 2096 ‘circomoocbot’

221 2121 432 2203 accipiendam
454 2120 520 2183 crit.

311 2227 385 2291 339.
422 2244 585 2291 uiuamus
610 2243 777 2291 nunninus
803 2225 940 2309 asperis,
964 2226 1080 2291 saevis.
1126 2228 1282 2291 cialiter:
1311 2225 1496 2309 13030000-

223 2334 311 2400 borri'
329 2355 390 2415 pro
413 2330 640 2398 ‘obstircebooi'.

312 2441 385 2505 340.
423 2434 603 2518 vmvnova
628 2458 764 2504 raanan
790 2456 985 2505 eaooamas
1014 2443 1184 2524 procreata
1207 2463 1246 2504 ex
1270 2441 1433 2525 lapidibus
1458 2439 1498 2504 ad

170 2568 203 2615 20
223 2549 382 2632 laborem,
405 2548 480 2630 quio
502 2549 649 2612 creditore
671 2551 730 2629 ost,
749 2548 852 2628 priow
875 2546 1011 2611 tornines
1029 2568 1044 2609 0
1063 2551 1147 2610 terro
1164 2551 1267 2629 oeteo,
1289 2567 1310 2610 o
1328 2568 1390 2628 occo
1407 2546 1499 2613 horno

222 2656 358 2720 lroocioes
380 2654 597 2720 existimabant
619 2655 729 2718 dictos:
755 2653 832 2717 alibi
857 2653 975 2737 <163>
999 2654 1096 2718 unde
1119 2653 1296 2717 homines
1319 2654 1417 2738 nati,
1440 2652 1500 2718 du-

223 2786 304 2827 rum
329 2783 458 2846 genus.

313 2870 386 2934 342.
423 2890 639 2940 rnnrssnoorr
660 2891 769 2932 roera
789 2886 895 2932 srcrcs
917 2867 1099 2932 ‘immissae'
1117 2888 1178 2949 pro
1203 2865 1374 2931 <000010οἱ·
1406 2889 1501 2950 oeque

223 2978 304 3042 eoiro
327 2977 365 3040 ob
388 2976 452 3040 elio
475 2976 631 3040 immissae
652 2980 730 3040 sori.
815 2992 1048 3052 mnissnuova
1071 2992 1099 3039 r.
1116 2992 1142 3040 s.
1166 2991 1210 3038 ar
1235 2992 1362 3039 nuans
1386 2991 1500 3041 canno

173 3102 206 3150 25
224 3084 309 3148 hunc
338 3083 484 3148 ordinem
512 3086 645 3166 propter
673 3083 817 3146 Arcadas
846 3081 964 3163 tenuit,
992 3082 1047 3165 qui
1076 3104 1109 3145 se
1133 3082 1320 3165 proselenos
1349 3103 1419 3146 esse
1443 3082 1500 3147 ad·

224 3195 350 3275 serunt,
382 3191 416 3254 id
445 3193 495 3254 est
524 3193 599 3253 ante
627 3189 738 3269 lunam
766 3194 875 3254 natos:
914 3188 999 3272 quod
1028 3191 1061 3251 ct
1085 3185 1197 3252 Cicero
1226 3190 1260 3251 in
1288 3189 1501 3254 Fundaniana

225 3301 460 3364 commemorat
479 3303 511 3360 et
526 3295 662 3379 Statius,
682 3296 738 3380 qui
757 3297 802 3360 ait
818 3295 986 3360 Arcades
1010 3295 1130 3359 astris
1150 3297 1319 3379 lunaque
1338 3295 1500 3379 priores

314 3405 387 3469 343.
424 3421 518 3469 nvnc
541 3421 707 3469 Lnaoaan
733 3403 782 3466 vel
806 3402 939 3488 frigoris
962 3404 1014 3467 vel
1039 3403 1167 3468 caloris.
1256 3425 1426 3468 perronna
1447 3425 1502 3466 cn-

225 3534 340 3578 ooaon
361 3513 510 3576 crescendi
531 3512 650 3577 scilicet.

174 3639 208 3686 30
316 3620 390 3684 344.
428 3636 529 3696 ovlas
559 3616 792 3703 tranquillitas.
843 3621 876 3681 et
905 3621 954 3681 est
982 3617 1066 3712 veris
1095 3615 1239 3680 definitio
1269 3615 1367 3680 ‘caeli
1394 3616 1501 3681 indul-

316 3802 329 3848 1
352 3792 628 3862 constat...divisa]
648 3792 681 3847 of.
703 3792 766 3846 lsid.
787 3807 825 3845 or.
845 3790 870 3844 V
888 3797 931 3860 35,
946 3793 1015 3861 214
1034 3791 1136 3847 Varro.
1148 3791 1214 3847 ..00
1233 3792 1336 3862 salute]
1355 3809 1382 3860 p.
1400 3796 1499 3858 115‚11

225 3869 308 3922 Riese
322 3868 331 3935 11
345 3872 379 3919 26
400 3864 494 3919 Cicero
513 3863 542 3917 in
561 3862 753 3933 Fundaniana]
774 3863 829 3918 vol.
845 3863 882 3915 IV
903 3881 928 3931 p.
945 3867 997 3917 932
1018 3862 1063 3917 Or.
1079 3865 1135 3933 1127
1157 3861 1275 3934 Statius]
1296 3864 1383 3919 Theb.
1394 3863 1431 3916 lV
1450 3869 1502 3919 275

317 4025 420 4080 ldicit
446 4024 512 4078 VM
534 4026 544 4093 1
570 4023 768 4077 tinacribitur
786 4023 991 4078 Bronlclicsias:
1012 4022 1143 4077 scribitur
1168 4023 1193 4077 V
1217 4025 1226 4094 11
1254 4029 1270 4076 5
1293 4023 1344 4077 sio:
1364 4024 1498 4078 mundum

226 4100 356 4156 disciscit
378 4097 482 4151 Vahlen
500 4097 609 4151 conieci.
625 4113 655 4165 p.
671 4100 722 4148 196
760 4093 814 4157 ait,
833 4095 968 4149 mundum
989 4095 1102 4150 Prcller.
1127 4096 1192 4162 sort.
1212 4093 1294 4159 dicit,
1313 4095 1448 4149 mundum
1462 4098 1471 4166 ]
1486 4103 1505 4150 6·

228 4171 288 4241 aut]
309 4171 339 4223 at
355 4168 534 4224 Ooromciious
548 4169 586 4238 118
605 4171 637 4220 ut
656 4165 739 4237 dixit]
758 4169 872 4233 fortasse
891 4183 973 4234 quem
993 4169 1103 4221 secutus
1113 4165 1254 4235 Vergilius
1274 4166 1359 4234 dixit,
1379 4182 1501 4221 crescere

227 4242 341 4312 quidem
360 4241 390 4310 (i.
405 4258 426 4294 e.
445 4241 588 4307 maedam)
607 4255 628 4292 c.
642 4257 666 4307 q.
681 4255 702 4292 s.
722 4240 731 4308 11
751 4243 784 4291 10
802 4238 958 4291 revalescat
976 4255 1035 4306 coo:
1054 4238 1229 4292 revalescant
1253 4237 1279 4290 V
1290 4239 1298 4306 11
1315 4241 1346 4290 11
1366 4238 1411 4291 hic
1432 4254 1497 4292 con-

227 4313 413 4368 tinuationem
431 4312 517 4365 edidit
541 4311 657 4365 Vrsinus
676 4311 692 4365 l.
709 4311 725 4364 l.
740 4311 749 4378 11
765 4315 796 4363 12
815 4309 919 4363 locutio
939 4310 973 4364 H
987 4309 1044 4377 1113
1064 4325 1112 4363 ver
1131 4308 1197 4379 fuit]
1216 4329 1268 4362 van
1285 4327 1391 4363 nnonvs
1409 4326 1435 4364 Δ.
1455 4329 1503 4363 on-

226 4404 268 4438 ms
287 4384 360 4439 idest
378 4400 495 4451 magnus
515 4382 588 4436 orbis
608 4384 674 4434 tunc
693 4381 804 4435 vernale
823 4382 933 4449 tempus
953 4382 1080 4447 ducebat
1100 4380 1130 4433 in
1149 4381 1191 4434 sui
1210 4378 1319 4434 scilicet
1337 4378 1502 4449 primordio,

227 4459 322 4526 potest
345 4457 372 4508 et
396 4471 528 4523 magnum
552 4453 647 4507 orbem
671 4452 815 4506 zodiacum
840 4450 973 4506 circulum
992 4452 1084 4506 dicere
1096 4451 1343 4521 ...accipiendum
1364 4452 1418 4505 erit
1436 4453 1502 4507 odd.

228 4528 316 4582 Febr.
335 4526 345 4596 ]
363 4544 475 4580 unonvn
498 4525 525 4579 V
545 4526 554 4593 ]
578 4532 611 4579 16
630 4523 696 4594 erit]
716 4522 790 4577 orbis
810 4524 872 4577 odd.
899 4522 931 4589 V,
947 4525 1045 4577 acclini
1065 4528 1075 4592 ]
1097 4528 1132 4577 20
1151 4523 1370 4592 quia...dictos
1388 4524 1503 4578 dubiam

227 4605 279 4667 cst,
297 4604 391 4653 atram
409 4598 447 4652 od
464 4595 608 4664 virumque
628 4602 720 4649 terrea
739 4595 789 4664 (sic
809 4595 844 4647 M
853 4593 863 4623 ²
883 4593 1009 4664 Vcryilii)
1028 4594 1187 4664 progenies,
1208 4613 1246 4649 arc
1264 4597 1301 4649 od
1320 4593 1397 4648 duris
1416 4597 1503 4664 caput

228 4671 331 4725 extulit
348 4669 422 4725 arvis
440 4670 596 4738 pertineant
609 4668 618 4737 11
632 4674 665 4721 23
686 4665 801 4720 croadas
820 4665 854 4719 Η
864 4668 873 4734 11
887 4665 1051 4734 prosolonos
1071 4667 1108 4720 M
1126 4667 1135 4735 ]
1154 4672 1187 4720 26
1207 4667 1236 4721 et
1254 4672 1318 4721 cato
1337 4665 1433 4720 Cicero
1452 4684 1503 4722 om.

230 4743 296 4796 PH
306 4745 315 4809 11
333 4740 497 4795 fundamina
522 4739 548 4792 V
564 4741 573 4810 11
591 4745 624 4794 28
644 4757 730 4794 nvnc.
742 4782 748 4794 .
760 4781 766 4793 .
778 4735 877 4791 caloris
896 4753 947 4790 orn.
971 4738 998 4791 V
1013 4740 1022 4806 11
1042 4744 1075 4791 30
1095 4736 1226 4792 diffinitio
1245 4738 1273 4792 A
1291 4738 1300 4806 ΙΙ
1320 4737 1391 4791 caeli
1409 4737 1502 4791 indul-

228 4814 326 4885 gentia
343 4813 450 4868 APH:
471 4829 533 4865 cum
553 4810 602 4865 scii
621 4808 798 4880 indulgentia
817 4809 861 4876 M,
880 4825 928 4863 om.
949 4808 975 4860 V
1207 4838 1210 4843 ‹
