3354 5430
251 343 295 409 94
517 378 521 387 .
827 339 946 397 sanun

250 512 360 573 actara
380 529 402 572 a
425 508 514 573 toan
535 506 644 571 habirit
663 525 789 584 nonen,
811 525 887 570 narn
910 506 1038 570 tanctnrn
1060 503 1215 569 dicebant:
1244 503 1290 568 oet
1313 498 1424 589 (qnod)
1445 500 1527 567 tana

250 616 286 678 in
314 635 411 679 mann
439 615 549 680 hatrat
576 613 726 696 Inppiter‚
758 614 880 694 qnando
911 614 1028 677 titanas
1056 611 1144 710 aicitf
1181 611 1226 675 oet
1253 611 1334 693 qnod
1358 631 1395 674 ea
1417 609 1527 674 arbore

245 721 426 803 praefracta
456 722 582 805 milites,
609 720 812 786 Fidenatrtns
833 721 933 804 victis,
960 741 991 785 so
1012 724 1208 784 coronassent
1228 718 1282 784 nrt
1304 717 1453 783 Ronnto:
1480 717 1527 782 oet

250 829 331 910 qaod
360 849 476 912 seraper
507 829 614 893 necat.
658 826 769 892 tedera
795 832 898 892 antern
924 828 990 892 ideo
1018 830 1205 893 coronantur
1225 830 1345 909 poetae,
1377 825 1525 907 qnoniam

216 939 353 1018 spoetas
379 955 467 1018 saepe
493 936 564 1000 aino
586 933 725 1016 ptarirno
752 933 950 1014 nanifestam
977 939 1022 999 est
1047 935 1108 1016 nti,
1136 933 1216 998 siant
1240 937 1270 996 et
1290 933 1326 996 ote
1348 930 1457 996 Erirno
1478 930 1528 995 ait

250 1042 407 1106 Horatiae
434 1045 464 1106 et
489 1042 580 1124 lyrici
606 1061 710 1106 onnes
731 1041 767 1104 in
789 1041 855 1106 sats
877 1040 1066 1106 carntnntns
1086 1041 1261 1122 toanintoa,
1288 1043 1318 1104 ct
1337 1038 1410 1103 isaeo
1432 1036 1525 1102 terta

249 1149 382 1213 niniam
403 1148 523 1230 fripida
545 1151 590 1212 ast
611 1151 639 1211 et
659 1148 726 1212 nini
748 1147 878 1211 catoren
901 1151 1062 1230 temperat:
1084 1167 1160 1212 nam
1182 1147 1248 1211 ideo
1270 1150 1300 1210 ot
1320 1146 1417 1231 capiti
1439 1146 1525 1230 iapo

249 1257 344 1322 nitnr.
396 1254 495 1319 Varro
518 1255 577 1338 ait,
606 1253 753 1319 Litann
776 1260 898 1337 patron
923 1260 1047 1339 propter
1069 1255 1201 1320 catoren
1223 1254 1290 1318 vini
1311 1252 1421 1318 tsedera
1443 1272 1525 1318 coro

249 1367 366 1428 natnrn.
412 1362 493 1426 Men
521 1362 620 1427 Varro
642 1361 736 1425 etiam
758 1382 865 1452 ninas
886 1363 934 1425 att
954 1361 1065 1426 intera
1088 1362 1238 1426 coronari.

199 1486 231 1534 10
341 1469 390 1534 14.
427 1484 574 1532 saraam
601 1484 973 1533 sacraremus.
1003 1468 1100 1533 simul
1129 1472 1226 1553 atque
1254 1468 1445 1533 decesserat
1491 1469 1524 1531 et

249 1577 332 1641 bene
355 1575 500 1640 ostendit
522 1579 702 1640 amatorem
725 1578 797 1640 tota
819 1579 913 1640 nocte
938 1576 1106 1662 vigilasse,
1131 1576 1289 1661 siquidem
1313 1577 1420 1639 ortum
1445 1574 1524 1639 luci-

249 1682 353 1747 ferum
377 1681 500 1765 primus
521 1681 647 1766 aspexit
666 1686 699 1745 et
717 1681 758 1745 ad
777 1703 863 1766 eum,
886 1684 1005 1767 quippe
1025 1682 1065 1747 ad
1079 1680 1215 1747 Veneris
1235 1682 1373 1764 stellam,
1393 1681 1524 1745 locutus

250 1794 308 1857 est.
353 1798 619 1874 περιφραστικῶς
641 1793 744 1854 antem
768 1788 875 1854 ‘noetis
896 1788 1018 1855 arnbra’
1036 1810 1097 1872 pro
1121 1789 1249 1854 tenebris
1268 1790 1380 1871 posita.

340 1895 390 1963 15.
428 1912 500 1961 cvm
529 1912 595 1961 nos
629 1912 857 1962 aaarlssmvs
889 1895 1059 1960 masculini
1092 1900 1142 1960 est
1174 1895 1315 1981 generis,
1347 1888 1524 1961 secundum

201 2021 232 2068 la
252 2002 337 2087 quod
365 2003 458 2067 atiani
485 2002 519 2066 in
548 2001 690 2066 Aeneide
719 2002 766 2067 ait
795 2001 880 2085 <XII
903 2003 991 2086 339>
1024 2002 1180 2088 spargit
1212 2002 1349 2086 rapida
1380 2003 1529 2088 ungula

251 2131 361 2175 rores
385 2108 630 2194 sanguineos.

341 2218 391 2283 16.
429 2237 616 2282 inerrasse
632 2221 758 2298 propter
780 2237 915 2281 anroren
937 2237 1001 2282 non
1023 2236 1054 2282 se
1075 2218 1236 2282 sustinens.
1318 2234 1443 2281 rasam
1468 2215 1528 2280 ‘te-

250 2322 319 2389 res'
350 2328 400 2389 est
431 2323 606 2389 rotundum
637 2327 670 2387 et
700 2324 891 2410 oblongum,
921 2326 958 2388 ut
987 2324 1151 2408 columna,
1182 2325 1287 2388 arbor.
1338 2324 1398 2389 atii
1426 2322 1529 2388 ‘tereti

248 2429 363 2497 otioae'
387 2431 529 2496 taontnrn
552 2431 588 2495 de
610 2429 692 2494 otioa
715 2431 878 2512 accipiant.

195 2555 229 2604 2ο
339 2540 389 2604 17.
426 2560 570 2602 asseras
589 2538 664 2619 qnia
687 2537 809 2601 dinaat
822 2534 956 2619 ‘fripida
978 2538 1031 2602 oia
1053 2537 1134 2602 caeto
1156 2539 1253 2603 noetis
1275 2539 1438 2604 decesserat
1459 2558 1528 2602 nm·

247 2643 329 2729 bra',
351 2647 386 2710 ist
406 2650 451 2710 ost
465 2646 653 2728 priasqaan
675 2665 738 2709 non
760 2645 875 2709 oceidit.
968 2660 1130 2719 passam
1154 2662 1244 2708 man
1266 2662 1417 2710 narrans
1442 2662 1473 2710 r.
1495 2662 1527 2709 u.

248 2770 278 2816 Α.
312 2754 385 2817 ordo
414 2756 459 2817 ost
480 2750 632 2836 ‘nascere
656 2751 773 2835 lucifer,
795 2751 1064 2835 praeveniensque
1087 2768 1147 2836 age
1171 2751 1254 2815 diem
1279 2749 1526 2818 clarissimum':

248 2859 294 2923 sic
323 2859 402 2923 alibi
432 2840 675 2942 ducebatque
707 2858 815 2922 diem.
862 2861 894 2923 et
916 2858 979 2922 hoc
1003 2857 1095 2922 dicit:
1127 2879 1275 2941 nascere,
1304 2858 1380 2923 dum
1409 2879 1526 2942 queror

248 2965 395 3049 coniugis
418 2963 518 3029 Nisae
541 2965 676 3050 indigno
706 2986 815 3029 amore
844 2965 995 3048 deceptus
1024 2967 1057 3029 et
1086 2964 1225 3029 moriens
1250 2964 1399 3051 alloquor
1422 2965 1524 3047 divos,

195 3087 228 3137 25
249 3094 443 3157 quamquam
462 3071 543 3135 nihil
563 3071 644 3136 mihi
661 3071 834 3156 profuerit,
860 3071 1037 3155 quodsum
1057 3092 1111 3135 eos
1131 3093 1226 3155 saepe
1245 3076 1397 3138 testatus:
1422 3095 1520 3158 quam

251 3199 320 3241 rem
344 3178 517 3242 secundum
541 3178 718 3262 Epicureos
747 3179 807 3262 ait,
838 3178 894 3263 qui
925 3179 1036 3243 dicunt
1069 3199 1135 3242 nec
1166 3179 1262 3243 bene
1293 3181 1521 3263 promeritis

250 3283 403 3367 capitur
426 3306 493 3349 nec
516 3286 693 3369 tangitur
715 3286 782 3349 ira

338 3392 388 3456 18.
421 3408 583 3457 conlvals
608 3415 673 3456 non
697 3414 779 3476 quae
803 3395 888 3477 erat,
912 3391 968 3456 sed
993 3412 1075 3475 quae
1097 3390 1167 3457 fore
1191 3393 1397 3477 sperabatur:
1420 3393 1466 3458 sic
1488 3393 1523 3459 in

248 3503 363 3582 quarto
389 3497 542 3563 Aeneidis
566 3499 675 3582 <536>
707 3521 801 3583 quos
832 3518 904 3583 ego
935 3500 1005 3563 sim
1035 3499 1181 3564 totiens
1211 3499 1284 3564 iam
1314 3500 1525 3586 dedignata

195 3623 229 3671 30
250 3606 419 3669 maritos.
450 3606 509 3670 atii
532 3604 674 3688 ‘instipno
698 3608 836 3688 ineptas
859 3604 972 3670 arnore’
996 3607 1120 3688 antiqno
1142 3608 1256 3671 dictam
1279 3607 1442 3691 animant,
1466 3607 1525 3673 ‘in-

246 3710 353 3795 dipno'
371 3733 431 3795 pro
454 3733 574 3795 napno.
620 3718 648 3777 et
669 3710 834 3796 ‘areptus'
862 3733 922 3794 pro
946 3710 1088 3796 ‘sapone
1134 3711 1264 3777 ‘arnore’
1287 3719 1344 3778 ant
1364 3714 1399 3778 r'n
1420 3735 1525 3779 arnore

246 3824 302 3884 ant
323 3819 362 3884 ab
385 3840 496 3885 arnore.

336 4001 352 4049 6
372 3995 518 4066 Horatius]
539 3994 620 4064 epist.
639 3994 652 4047 I
673 4001 713 4063 19,
730 4001 744 4049 7
759 3996 768 4064 11
783 4002 815 4050 17
835 3997 937 4051 teres..
950 3995 1057 4066 arbor]
1077 3996 1111 4051 cf.
1132 3995 1196 4050 isid.
1216 4012 1255 4050 or.
1274 3995 1326 4050 XV
1344 4001 1418 4065 2,1s
1439 3996 1525 4051 ‘teres

253 4067 327 4121 enim
346 4066 454 4136 aliquid
473 4067 622 4121 rotundum
642 4075 685 4121 est
703 4084 766 4121 cum
785 4067 961 4135 proceritate,
980 4071 1013 4122 ut
1030 4068 1170 4121 columna'
1186 4069 1243 4137 1123
1262 4065 1343 4138 alibi]
1362 4067 1395 4123 A.
1410 4068 1435 4121 11
1455 4069 1524 4140 80211

252 4144 286 4193 26
305 4156 356 4193 nec
375 4138 458 4209 bene]
477 4138 584 4193 Lucret.
605 4138 629 4190 11
648 4143 698 4192 651

248 4250 414 4257 ffl-

337 4306 350 4351 1
371 4315 436 4352 nam
454 4299 570 4353 Daniel:
589 4313 645 4351 non
664 4298 690 4351 L
706 4298 716 4368 11
735 4299 808 4366 quod
826 4299 943 4353 insernit
963 4300 1118 4354 Masaians
1136 4300 1145 4368 11
1168 4305 1184 4352 2
1202 4296 1307 4367 iupiter
1325 4298 1351 4351 L
1374 4302 1384 4370 11
1407 4306 1424 4354 3
1443 4317 1522 4367 prae·

247 4370 337 4424 fracta
355 4369 459 4424 milites
477 4371 586 4439 scripsi:
613 4369 767 4438 prefactam
786 4369 876 4424 milite
895 4370 921 4423 L
956 4370 1092 4439 praefecti
1110 4369 1232 4424 militum
1251 4370 1355 4425 Daniel
1377 4372 1387 4441 1
1411 4378 1427 4426 6
1445 4371 1520 4425 lirici

245 4442 273 4495 L
286 4443 294 4510 11
309 4441 439 4495 locuntur
456 4441 483 4494 L
496 4442 505 4510 11
520 4446 553 4494 10
572 4440 668 4494 statim
688 4439 771 4494 simul
790 4441 944 4510 Stephanae
958 4444 967 4511 1
983 4448 1014 4495 12
1035 4442 1138 4511 quippe
1156 4444 1188 4495 ut
1206 4442 1240 4495 ad
1261 4441 1418 4511 Stephanae
1440 4445 1450 4514 11
1472 4444 1509 4496 ad

245 4516 275 4566 in
294 4514 326 4582 11
340 4513 448 4566 locatus
467 4513 494 4565 L
507 4515 516 4583 11
533 4518 564 4566 13
583 4512 772 4580 perifrasticus
790 4511 818 4564 L
831 4516 841 4581 11
853 4529 908 4566 nox
926 4515 976 4567 aut
994 4515 1093 4567 umbra
1111 4513 1137 4566 L
1150 4516 1159 4584 11
1174 4519 1207 4567 18
1226 4514 1345 4581 lungum
1359 4514 1393 4580 L,
1412 4515 1504 4568 corni
1520 4514 1523 4586 1

246 4590 279 4638 22
299 4601 352 4652 age
371 4584 397 4637 d.
417 4583 453 4654 c.]
473 4584 547 4638 diem
566 4584 671 4638 almum
690 4601 742 4652 age
761 4582 788 4636 L
801 4585 811 4651 11
825 4582 1021 4641 clarissimum.
1035 4629 1040 4641 .
1053 4585 1141 4640 ,diem
1159 4600 1208 4639 on.
1229 4586 1279 4654 Α1
1297 4590 1331 4638 23
1352 4584 1406 4640 sic.
1418 4628 1423 4641 .
1435 4585 1523 4640 ,diem

248 4672 297 4709 ora.
317 4656 357 4723 L,
375 4657 407 4708 in
425 4671 510 4724 narp.
530 4655 593 4709 add.
613 4657 664 4724 1-1
691 4660 725 4709 29
745 4655 820 4722 quod
839 4654 866 4707 L
888 4657 898 4724 11
927 4662 959 4709 31
979 4656 1095 4727 magno]
1114 4659 1146 4709 ut
1165 4655 1306 4725 ‘indignas
1324 4656 1458 4710 hiemes’:
1477 4657 1524 4710 vel

245 4726 359 4796 impari,
379 4727 446 4794 quia
463 4729 526 4796 plus
545 4728 660 4781 amabat
678 4728 707 4779 et
724 4726 815 4780 minus
834 4729 983 4782 amabatur
1001 4729 1063 4783 aad.
1084 4728 1193 4781 Daniel.
1214 4728 1249 4794 cs.
1264 4728 1344 4783 schot.
1360 4728 1445 4782 Bora.
1460 4731 1469 4798 1
1494 4729 1523 4782 in

246 4816 340 4853 amore
360 4799 382 4852 ts
401 4815 524 4853 mamare
543 4798 570 4852 L
583 4799 593 4868 11
610 4804 644 4852 32
665 4797 700 4852 ab
720 4813 846 4866 amorem
864 4798 891 4853 L
927 4799 963 4853 ob
982 4814 1106 4853 amorem
1124 4798 1228 4853 Daniel
