3354 5430
221 367 287 431 360
447 366 568 422 suurn
586 365 700 422 COMM.
720 368 758 421 IN
781 365 885 421 vulta.
905 365 1037 421 GEORG.
1056 365 1096 421 IV
1115 371 1264 422 563-564.

220 533 338 611 sirena,
365 532 453 595 euius
479 551 589 612 eorpus
615 531 709 594 etiam
737 527 816 615 (illie
837 531 989 612 sepultum
1011 527 1075 615 sit.)
1117 535 1281 612 pastoriam
1304 529 1340 593 ab
1363 530 1497 594 menum

219 637 384 702 abutatem
407 639 679 718 amoenitatemque
700 638 800 719 mapis
822 642 925 718 eoepta
946 638 989 701 sit
1008 638 1212 718 frequentari,
1234 639 1345 701 ueritas
1367 633 1495 719 (Germa-

219 741 300 829 nos),
322 765 361 808 ue
383 744 498 809 Cumae
520 745 644 808 omnino
666 745 882 827 desererentur,
908 746 1004 808 inisse
1025 745 1187 808 canalium
1210 742 1428 825 Parthenopen
1450 743 1497 806 di-

219 852 338 915 ruendi.
384 856 491 932 postea
521 856 623 914 tamen
646 852 825 933 pestilentia
854 850 978 930 affertos
1007 872 1044 915 ea
1072 870 1213 934 responso
1243 850 1361 914 maruli
1390 849 1496 913 urbem

185 974 201 1022 s
220 959 386 1022 restituisse
407 977 555 1038 sanaque
568 957 775 1038 Parthenopes
798 978 866 1022 eum
881 979 1004 1040 ,mapua
1026 959 1175 1039 relipioue'
1192 950 1364 1040 suseepum,
1387 976 1498 1020 nomen

220 1071 322 1130 autem
345 1066 479 1146 Neapoli
501 1066 537 1129 ot
558 1071 705 1129 recentem
727 1066 949 1129 institutionem
971 1066 1158 1146 imposuisse.
1263 1080 1497 1128 Pnnrnunorn

221 1173 254 1236 id
278 1176 329 1236 est
352 1172 519 1255 NeapoliS,
547 1193 629 1255 quae
659 1172 764 1254 primo
793 1193 831 1235 ex
855 1193 989 1254 corpore
1012 1172 1107 1235 unius
1132 1171 1249 1235 sirenis
1272 1171 1340 1236 illic
1362 1171 1498 1252 sepultae

222 1280 427 1362 Parthenope
451 1283 501 1343 est
524 1279 698 1362 appellata.
833 1295 970 1344 srvmls
994 1295 1208 1343 aboliturum
1232 1294 1411 1343 lauossnns
1436 1294 1498 1343 0‘r1

221 1386 254 1450 id
278 1393 328 1450 est
351 1386 431 1451 artis
454 1387 613 1469 poeticae,
637 1407 734 1469 quam
759 1387 861 1450 otium
885 1385 1029 1470 ignobile
1049 1386 1241 1470 appellavit,
1264 1385 1383 1469 nequid
1402 1385 1441 1449 de
1461 1407 1496 1448 se

171 1509 203 1557 10
223 1493 385 1558 videretur
409 1513 565 1576 arrogans
589 1493 702 1557 disere.

311 1601 384 1664 564.
423 1616 581 1664 cranius
605 1617 666 1677 avr
689 1616 767 1663 nvsr
790 1616 974 1664 enssonvn
997 1600 1052 1683 qui
1075 1600 1173 1663 etiam
1198 1601 1345 1664 bucoliae
1370 1600 1497 1684 scripsi,

222 1707 326 1772 audax
349 1711 455 1771 aetate
478 1707 623 1771 iuvenili:
647 1729 738 1789 nam,
761 1714 797 1771 ut
816 1707 953 1771 diximus
973 1729 1084 1790 supra,
1107 1707 1224 1791 viginti
1245 1711 1318 1771 oeta
1338 1729 1498 1771 annorum

221 1814 356 1878 bruoliea
379 1816 510 1895 scripsit.
551 1818 584 1878 et
608 1815 688 1877 bene
712 1815 853 1879 breviter
877 1837 953 1878 ase
977 1815 1170 1897 scriptarum
1195 1837 1304 1878 rerum
1328 1819 1497 1878 exsecutus

222 1924 272 1984 est
294 1920 436 1986 titulum.
473 1926 501 1984 et
522 1922 630 1985 aliter:
653 1923 781 2002 quidam
804 1920 931 1985 ‘audon'
950 1927 1113 2002 propterea
1136 1923 1252 1986 dutmn
1273 1922 1392 2006 uoluunt,
1415 1923 1498 2004 quod

170 2043 203 2091 15
222 2028 258 2090 in
279 2027 399 2091 duatus
421 2028 540 2110 eelopis,
563 2049 641 2110 quiae
663 2032 736 2092 sunt
756 2029 792 2091 in
815 2028 968 2104 tueolieis,
991 2028 1101 2092 meulte
1123 2030 1257 2093 invectus
1279 2030 1377 2092 sitin
1390 2029 1499 2111 Aupu

221 2139 303 2199 stum
319 2138 446 2217 propter
468 2154 566 2216 apros.
611 2139 640 2198 et
662 2134 815 2198 ‘earmina
838 2132 915 2197 lusi’
936 2137 1074 2216 piperata.
1118 2133 1237 2217 ‘Tityre
1259 2135 1433 2216 tepatulae
1454 2157 1499 2200 ee·

221 2241 285 2305 uini
307 2240 362 2304 sub
385 2244 403 2304 t.
425 2239 461 2320 f.'
482 2243 621 2322 primum
644 2241 756 2305 librum
774 2246 898 2322 praeter
920 2241 1000 2305 leuno
1021 2243 1184 2324 sipnifioat.

315 2422 346 2469 12
366 2416 461 2486 supra]
481 2415 568 2486 praef.
589 2415 679 2472 bueol.
698 2434 725 2485 p.
741 2422 766 2485 3,
781 2421 815 2470 26

313 2581 327 2628 1
348 2593 447 2645 syrena
471 2576 497 2628 V
520 2578 530 2645 fl
556 2575 615 2630 illie
634 2577 774 2645 sepultum
793 2575 829 2629 sit
852 2578 963 2644 addidi,
992 2595 1065 2631 nune
1084 2578 1192 2631 tumulo
1212 2578 1356 2632 eonditum
1375 2577 1497 2648 Neapoli

222 2649 357 2704 viseretur
375 2647 449 2702 Roth
467 2649 513 2702 ret.
533 2649 593 2702 trist.
614 2648 693 2702 Rom.
708 2665 738 2716 p.
754 2653 805 2701 333
828 2649 838 2714 ΙΙ
860 2653 875 2701 2
896 2652 995 2716 coepta
1019 2649 1053 2703 V:
1083 2651 1213 2718 coeptum
1232 2667 1260 2714 v,
1280 2667 1332 2704 ree.
1358 2650 1476 2705 Vrsinus
1489 2652 1499 2722 Η

222 2720 361 2773 Cumanos
380 2720 442 2774 add.
464 2719 611 2773 Cluverius
629 2719 695 2772 Ital.
715 2725 771 2772 aut.
791 2725 852 2773 toni.
872 2719 897 2770 ll
912 2737 941 2788 p.
960 2726 1027 2774 1148
1046 2723 1056 2790 fl
1074 2728 1090 2774 3
1110 2737 1144 2773 ne
1163 2719 1266 2774 Cumae
1287 2721 1401 2776 omnino
1421 2723 1498 2776 dese-

222 2794 349 2844 rerentur
367 2792 477 2858 scripsi:
498 2807 532 2844 ne
551 2807 695 2858 eymaeam
716 2789 911 2844 desererentV
938 2808 972 2844 ne
992 2792 1108 2846 Cumam
1127 2790 1234 2845 incolae
1254 2792 1415 2847 desererent
1433 2793 1499 2848 Glu-

222 2864 313 2916 oerius
333 2863 349 2915 l.
360 2863 377 2916 l.
392 2862 431 2930 ll
451 2867 550 2929 postea
568 2861 676 2932 maren]
694 2866 760 2929 post
778 2860 862 2915 etiam
878 2861 903 2914 V
927 2867 1026 2930 postea
1044 2865 1139 2917 autem
1154 2863 1297 2918 (ll-noerius
1326 2867 1391 2932 post
1403 2867 1499 2918 tamen

222 2933 415 3000 Reifferscheid
434 2932 508 2986 Suet.
527 2933 572 2986 rel.
589 2950 618 3001 p.
635 2938 687 2986 350
710 2936 719 3002 fl
741 2937 757 2984 ὅ
777 2933 958 3002 parthenopia
981 2933 1007 2986 V
1026 2938 1036 3005 fl
1059 2942 1074 2989 6
1094 2935 1299 2988 restitutionem
1322 2934 1439 2990 Vrsinus
1458 2939 1497 3005 ΙΙἸ

222 3020 294 3072 quae
313 3005 438 3072 aprima
457 3004 484 3056 A
498 3006 507 3072 ΙΙ
522 3003 620 3057 sirenis
645 3004 680 3056 Vx
700 3019 812 3072 syrenes
831 3004 858 3056 B
894 3004 996 3058 sineres
1016 3005 1112 3060 APH
1126 3008 1135 3075 ΙΙ
1149 3004 1208 3059 illie
1233 3006 1269 3059 V:
1288 3005 1331 3060 illi
1352 3007 1480 3061 ABPH
1489 3008 1493 3079 l

222 3076 349 3144 sepultae
369 3075 458 3129 Seruii
476 3093 530 3130 esse
547 3077 654 3130 oidetm
673 3082 697 3129 et
716 3077 826 3129 librarii
844 3092 934 3128 errore
952 3079 1087 3131 omissum.
1125 3079 1160 3144 ef.
1181 3079 1252 3133 Isid.
1272 3094 1312 3133 or.
1333 3079 1382 3132 XV
1403 3086 1428 3143 1,
1442 3082 1493 3151 601

223 3146 706 3215 8s.r.AH110r1P:or11AH
737 3165 790 3199 ocu
809 3147 837 3198 B
869 3166 910 3199 oar
936 3146 1012 3215 Vns
1032 3149 1128 3220 quam]
1147 3150 1220 3216 quod
1246 3149 1292 3218 Vll
1307 3155 1340 3202 10
1359 3150 1498 3219 adrogans

223 3218 280 3299 A}
302 3224 333 3270 11
353 3236 429 3272 nvem
447 3218 482 3272 H
498 3219 508 3287 n
528 3235 625 3271 ramos
643 3219 670 3271 A
690 3220 700 3286 Ι
719 3217 830 3285 scripsit
849 3217 898 3286 ΒΙΙ
914 3223 945 3271 12
965 3218 1082 3273 iuuenili
1101 3221 1172 3273 AB:
1192 3219 1315 3274 iuuenali
1335 3220 1429 3274 PVH
1440 3223 1450 3290 Ι
1465 3227 1498 3275 13

222 3291 421 3358 senpturarum
441 3288 486 3355 Vr
502 3295 534 3343 lt
553 3289 662 3358 eglogis
685 3288 730 3358 Vn
746 3294 778 3342 16
797 3289 892 3357 'l'ityre
904 3333 909 3343 .
921 3332 927 3344 .
939 3333 945 3345 .
956 3290 1097 3358 signifieat
1114 3308 1164 3345 om.
1190 3292 1306 3346 Vrsinus
1324 3292 1334 3360 fl
1353 3299 1385 3346 11
1404 3295 1499 3362 preter

221 3359 296 3413 hunc
321 3359 346 3412 V
381 3364 494 3430 propter
511 3361 586 3414 huuc
607 3359 741 3428 Guelfert.
759 3361 786 3412 Ι.
825 3360 942 3428 ‘praeter
959 3362 1042 3416 liune’
1062 3364 1081 3415 i.
1101 3381 1121 3415 e.
1137 3369 1247 3432 praeter
1264 3365 1337 3417 leuna
1354 3365 1499 3434 peorpieon

222 3432 330 3484 rurum.
367 3433 413 3485 sed
430 3432 546 3497 sortasse
568 3449 617 3500 per
636 3431 708 3485 hune
727 3446 836 3485 versum
864 3432 874 3500 ΙΙ
901 3435 1341 3487 sinn—1111·u1n.aaoaarcoiB
1378 3454 1499 3488 sxrnrmr

222 3521 300 3556 mana
317 3520 438 3563 ausarvs
457 3504 496 3558 H.
