3354 5430
701 397 915 453 PRAEFATIO.
1369 395 1445 450 XVII

260 562 414 646 Superest
445 565 481 626 ut
514 584 551 626 ea
584 561 720 644 scholia,
758 583 839 645 quae
876 561 910 624 in
943 559 1161 625 Bernensibus
1201 560 1293 624 libris
1325 558 1444 623 Iunilio

170 670 315 754 Flagrio,
338 669 370 732 id
394 672 443 732 est
465 667 559 731 Iunio
583 665 765 751 Filargiri0,
789 666 953 751 adscripta
977 671 1101 749 extant,
1125 671 1254 751 praeter
1276 687 1446 750 perpauca,

171 796 253 861 quae
277 797 358 841 mus.
382 772 570 855 RhenXV
593 796 623 856 p.
645 774 707 837 136
723 795 791 857 sqq.
815 773 983 857 proposui,
1011 795 1030 837 a
1055 772 1214 838 Vaticano
1243 773 1349 836 aliena
1377 793 1446 836 esse

170 902 428 946 commemorem.
475 903 513 944 ea
542 880 627 943 enim
656 880 788 943 omniuo
817 880 902 943 inter
932 879 1057 944 scholia
1079 879 1231 945 Vaticani
1258 879 1391 964 propria
1415 882 1448 942 et

171 987 369 1051 Beruensem
394 987 660 1050 commentarium
683 985 855 1050 intercedit
878 986 976 1069 rati0,
1005 989 1042 1050 ut
1064 986 1123 1050 illa
1145 987 1297 1070 pleraque
1321 985 1362 1048 ab
1386 986 1448 1049 hoc

171 1094 295 1176 absint,
328 1115 366 1157 ea
395 1114 477 1176 quae
506 1092 614 1156 adsint
640 1129 678 1138 —
705 1114 788 1175 quae
816 1114 919 1175 pauca
946 1099 1023 1156 sunt
1048 1113 1152 1177 neque
1182 1112 1320 1176 magnae
1344 1092 1448 1177 digni-

104 1195 113 1204 ’
171 1201 249 1265 tatis
277 1236 314 1245 —
340 1201 375 1262 in
407 1198 564 1263 Bemensi
593 1220 659 1262 non
691 1199 878 1263 tribuantur
907 1199 1037 1263 Iunilio.
1082 1199 1116 1261 in
1145 1198 1309 1282 Filargirii
1339 1202 1448 1263 autem

173 1306 393 1371 bucolicorum
422 1306 649 1389 explanatione
676 1310 805 1391 praeter
832 1306 904 1388 illa,
937 1327 1018 1388 quae
1048 1327 1067 1368 a
1095 1304 1256 1370 Politiano
1287 1305 1448 1388 exscripta

172 1412 311 1477 Vrsinus
336 1412 448 1494 edidit,
471 1434 537 1476 non
561 1412 664 1476 multa
686 1413 845 1495 invenies,
870 1434 952 1495 quae
976 1411 1118 1494 antiquis
1142 1411 1373 1497 interpretibus
1399 1412 1450 1475 de·

173 1518 244 1583 beri
276 1519 373 1583 dicas.
419 1518 528 1602 itaque
561 1541 643 1602 quae
675 1541 713 1583 ex
742 1517 954 1582 Laurentiani
986 1522 1018 1582 et
1048 1510 1260 1582 Bernensium
1292 1518 1449 1582 librorum

172 1625 305 1691 scholiis
334 1625 372 1689 de
397 1625 489 1689 Iunio
514 1624 720 1709 Philargyrio
750 1625 960 1709 cognovimus
989 1646 1055 1688 non
1084 1629 1160 1688 sunt
1182 1625 1229 1688 ita
1253 1628 1450 1707 comparata,

174 1736 211 1796 ut
235 1733 275 1796 ad
299 1731 434 1796 eundem
458 1730 618 1795 Vaticana
642 1732 765 1796 scholia
788 1731 960 1796 videantur
983 1730 1150 1795 referenda
1174 1753 1252 1800 esse.

266 1874 355 1951 Quae
385 1898 457 1940 cum
484 1875 531 1940 ita
560 1874 637 1957 sint,
667 1878 699 1938 et
722 1874 829 1938 verius
853 1878 885 1937 et
909 1873 1016 1956 aptius
1041 1897 1092 1938 me
1115 1873 1276 1938 facturum
1300 1895 1370 1937 esse
1393 1896 1451 1957 pu-

174 1983 259 2065 tavi,
283 1981 311 2044 si
335 1982 452 2046 codicis
472 1981 578 2064 magis
598 1981 786 2045 auctoritati
806 1979 1005 2058 oboedirem,
1029 2003 1126 2065 quam
1141 1981 1251 2045 Vrsini
1272 1981 1451 2064 exemplum

175 2109 335 2172 sequerer,
358 2089 413 2172 qui
438 2109 475 2152 ea
499 2110 580 2172 quae
604 2092 632 2152 et
652 2088 746 2152 aliter
769 2087 910 2152 formula
933 2086 1129 2171 interposita
1153 2085 1315 2153 Servianis
1338 2086 1373 2150 in
1387 2085 1452 2149 Va·

174 2195 284 2259 116666
316 2193 426 2259 addita
458 2199 547 2279 sunt,
577 2194 741 2258 lemmatis
773 2195 811 2258 de
843 2216 900 2258 suo
931 2194 1141 2279 praescriptis
1174 2195 1232 2257 sub
1255 2191 1453 2277 Philargyrii

173 2302 305 2367 nomine
329 2303 506 2384 separatim
529 2301 641 2384 edidit,
665 2301 724 2366 illa
748 2323 830 2387 quae
855 2299 1030 2366 Seruianae
1055 2300 1196 2365 orationi
1219 2301 1343 2364 inserta
1367 2301 1452 2363 inve·

175 2412 282 2491 116161,
315 2409 348 2471 in
376 2408 463 2471 notis
492 2408 532 2472 ad
557 2406 705 2472 Servium
735 2408 914 2492 evulgavit,
946 2411 983 2470 ut
1007 2429 1023 2470 e
1047 2407 1181 2471 diversis
1205 2407 1280 2471 libri
1304 2407 1452 2490 partibus

176 2514 339 2580 Vaticana
363 2514 486 2578 scholia
509 2514 693 2598 legentibus
718 2513 935 2598 conquirenda
959 2517 1076 2578 essent.
1115 2515 1224 2578 omnia
1247 2515 1348 2598 igitur
1371 2534 1453 2597 quae

176 2620 328 2684 Vaticani
350 2620 483 2705 propria
507 2625 594 2704 sunt,
623 2643 688 2685 una
713 2643 786 2686 curn
810 2619 973 2684 Servianis
999 2618 1095 2702 edidi,
1125 2618 1172 2683 ita
1194 2623 1318 2702 tamen,
1341 2623 1377 2683 ut
1401 2641 1454 2683 eo-

178 2726 252 2789 dem
280 2748 343 2809 quo
367 2725 539 2791 Danielina
568 2726 693 2790 scholia
722 2724 817 2790 modo
846 2725 905 2789 illa
934 2724 1218 2810 distinguerentur.
1265 2749 1329 2810 qua
1358 2726 1391 2788 in
1419 2747 1454 2789 re

177 2833 238 2897 hoc
262 2854 361 2896 unum
386 2834 559 2897 molestum
584 2854 654 2896 esse
678 2833 847 2913 confiteor,
877 2831 963 2915 quod
987 2852 1096 2916 georg.
1120 2831 1137 2895 I
1163 2833 1398 2915 1-279,6616
1421 2832 1456 2896 in

179 2942 271 3002 textu
294 2938 538 3004 Lemovicensia
563 2938 687 3003 scholia
710 2938 873 3002 inclinatis
898 2937 1017 3002 litteris
1042 2961 1193 3022 expressa
1217 2943 1338 3022 essent,
1361 2938 1455 3002 Vati-

178 3067 260 3109 cana
298 3046 331 3108 in
370 3045 579 3110 adnotatione
618 3045 809 3109 collocanda
841 3045 982 3129 fuerunt3
1021 3045 1229 3110 inveniuntur
1262 3049 1372 3110 autern
1404 3044 1455 3108 his

175 3152 271 3215 locis:
295 3174 324 3234 p.
347 3153 419 3234 139,
444 3153 494 3236 10,
520 3153 593 3234 140,
613 3153 670 3236 28,
695 3152 767 3235 147,
787 3154 843 3235 24,
874 3152 985 3233 148,6
1010 3156 1043 3215 61
1068 3153 1122 3232 16,
1154 3153 1224 3236 149,
1243 3153 1277 3234 4,
1308 3152 1456 3236 157,19,

181 3259 253 3341 158,
275 3260 328 3342 18,
355 3258 502 3342 165,13,
529 3260 600 3341 168,
619 3258 674 3341 25,
702 3260 773 3342 170,
793 3260 849 3342 24,
876 3259 946 3336 171,
969 3260 1024 3342 17,
1050 3259 1121 3340 172,
1136 3258 1170 3344 5,
1196 3259 1325 3340 173,16
1346 3260 1456 3340 6121,

180 3366 326 3449 174,13,
366 3365 633 3448 175,126116,
672 3366 744 3448 176,
764 3366 797 3449 9,
838 3365 910 3446 185,
929 3365 987 3448 23,
1024 3365 1173 3448 186,19,
1210 3364 1354 3447 192,17.
1400 3364 1455 3428 sed

178 3471 382 3534 imminuitur
404 3471 483 3533 haec
507 3472 736 3553 importunitas
761 3492 798 3534 eo
820 3493 915 3555 quem
935 3492 1032 3553 supra
1051 3470 1207 3555 descripsi
1221 3469 1455 3536 Vaticanorum

180 3581 212 3640 et
235 3577 514 3641 Lenrovicensium
539 3578 736 3641 scholiorum
761 3599 933 3657 consensu,
963 3580 1000 3640 ut
1023 3599 1126 3659 pauca
1149 3581 1277 3641 tantum
1302 3599 1359 3641 suo
1384 3578 1456 3643 loco

180 3683 369 3748 defraudata
394 3684 468 3746 sint.

270 3824 420 3889 Ceterum
449 3824 511 3889 duo
540 3825 626 3909 quod
655 3826 755 3890 sciam
783 3828 894 3890 extant
924 3824 1074 3889 Vaticani
1103 3828 1293 3909 apographa
1323 3828 1450 3892 saeculo

181 3931 252 3995 XV.
271 3932 369 3996 facta:
398 3930 731 4015 Guelferbytanus
751 3932 780 4017 Ι,
805 3954 899 4017 quem
919 3932 1000 3996 Lion
1023 3932 1176 4016 contulit,
1200 3939 1233 3996 et
1246 3932 1456 3998 Vaticanus

183 4038 277 4117 1507,
308 4059 402 4121 quem
426 4037 586 4102 Henricus
610 4037 736 4103 Keilius
760 4040 780 4102 l.
804 4041 822 4103 l.
847 4039 1120 4103 commemoravit.
1166 4041 1265 4104 etiam
1288 4039 1377 4123 Itali,
1402 4038 1457 4123 qui

180 4146 310 4209 saeculo
334 4144 404 4210 XV.
429 4143 575 4208 Servium
600 4147 749 4230 supplere
774 4146 961 4229 studebant,
993 4147 1026 4210 in
1049 4145 1152 4210 libros
1176 4168 1265 4228 suos,
1295 4145 1396 4209 veluti
1421 4145 1456 4208 in

181 4250 363 4314 Parisinum
388 4250 473 4315 7965
502 4256 535 4315 61
562 4251 596 4314 in
625 4253 842 4317 Dresdensem
865 4252 904 4316 D.
930 4251 1044 4337 1361),
1075 4275 1091 4317 e
1116 4253 1274 4317 Vaticano
1300 4253 1457 4335 quaedam

181 4357 467 4439 transcripserunt,
492 4379 572 4440 quae
597 4380 669 4423 curn
692 4359 807 4423 ceteris
831 4359 963 4424 illorum
986 4359 1221 4443 supplementis
1247 4360 1281 4422 in
1299 4358 1458 4442 impressa

183 4463 393 4546 exemplaria,
422 4466 457 4526 ut
485 4465 519 4526 in
543 4463 786 4546 Fabricianum,
816 4487 879 4549 quo
909 4487 969 4550 ego
998 4487 1073 4529 usus
1098 4487 1183 4547 sum,
1212 4469 1341 4550 recepta
1373 4469 1458 4529 sunt.

181 4570 215 4633 in
240 4569 446 4633 emendandis
464 4570 617 4634 Vaticani
640 4571 772 4636 scholiis
796 4571 874 4635 Itali
897 4571 1030 4635 liberius
1056 4594 1152 4655 quarn
1176 4572 1309 4636 decebat
1333 4573 1455 4637 versati

273 4767 299 4831 1)
320 4763 497 4816 conferantur
516 4780 586 4831 quae
605 4763 751 4832 Philippus
771 4763 928 4834 Wagnerus
946 4763 1020 4831 Allg.
1041 4763 1182 4834 Schulztg.
1203 4769 1271 4817 1880
1290 4782 1317 4832 p.
1334 4769 1383 4817 185
1395 4779 1458 4831 sqq.

182 4835 211 4887 et
230 4836 377 4887 comment.
396 4834 431 4888 de
450 4833 470 4888 I.
490 4832 613 4903 Philarg.
633 4833 658 4886 11
677 4852 703 4903 p.
720 4840 753 4888 29
763 4853 824 4904 sqq.
844 4836 879 4889 de
898 4834 952 4888 hoo
970 4833 1042 4890 libro
1063 4834 1142 4891 dixit.

237 4931 312 4971 Servii
327 4944 405 4974 comm.
433 4933 485 4974 Vol.
498 4934 542 4973 111.
562 4933 627 4973 Faxo.
641 4933 660 4974 L
1228 4922 1247 4976 b
