<?xml version="1.0" encoding="UTF-8"?>
<!DOCTYPE html PUBLIC "-//W3C//DTD XHTML 1.0 Transitional//EN"
    "http://www.w3.org/TR/xhtml1/DTD/xhtml1-transitional.dtd">
<html xmlns="http://www.w3.org/1999/xhtml" xml:lang="en" lang="en">
 <head>
  <title>
</title>
<meta http-equiv="Content-Type" content="text/html;charset=utf-8" />
  <meta name='ocr-system' content='tesseract 3.04.00' />
  <meta name='ocr-capabilities' content='ocr_page ocr_carea ocr_par ocr_line ocrx_word'/>
</head>
<body>
  <div class='ocr_page' id='page_1' title='image "./serviigrammatic01thilgoog_0143.png"; bbox 0 0 3354 5430; ppageno 0'>
   <div class='ocr_carea' id='block_1_1' title="bbox 216 707 1544 2327">
    <p class='ocr_par' dir='ltr' id='par_1_1' title="bbox 683 707 1116 774">
     <span class='ocr_line' id='line_1_1' title="bbox 683 707 1116 774; baseline -0.005 -2"><span class='ocrx_word' id='word_1_1' title='bbox 683 707 879 773; x_wconf 81' lang='lat' dir='ltr'><strong>ECLOGA</strong></span> <span class='ocrx_word' id='word_1_2' title='bbox 916 708 1116 774; x_wconf 83' lang='lat' dir='ltr'><strong>DECIMA.</strong></span> 
     </span>
    </p>

    <p class='ocr_par' dir='ltr' id='par_1_2' title="bbox 263 848 1541 1256">
     <span class='ocr_line' id='line_1_2' title="bbox 355 848 1539 934; baseline -0.003 -18"><span class='ocrx_word' id='word_1_3' title='bbox 355 856 381 918; x_wconf 87' lang='lat'><strong>1.</strong></span> <span class='ocrx_word' id='word_1_4' title='bbox 418 871 610 917; x_wconf 75' lang='lat' dir='ltr'><strong>nxrrrlmvn</strong></span> <span class='ocrx_word' id='word_1_5' title='bbox 638 870 733 916; x_wconf 81' lang='lat' dir='ltr'><strong>nvnc</strong></span> <span class='ocrx_word' id='word_1_6' title='bbox 763 869 946 916; x_wconf 75' lang='lat' dir='ltr'><strong>Annrnvsn</strong></span> <span class='ocrx_word' id='word_1_7' title='bbox 974 870 1008 915; x_wconf 88' lang='lat' dir='ltr'><strong>n.</strong></span> <span class='ocrx_word' id='word_1_8' title='bbox 1037 868 1066 914; x_wconf 86' lang='lat' dir='ltr'><strong>c.</strong></span> <span class='ocrx_word' id='word_1_9' title='bbox 1095 869 1125 913; x_wconf 77' lang='lat' dir='ltr'><strong>u.</strong></span> <span class='ocrx_word' id='word_1_10' title='bbox 1157 848 1286 934; x_wconf 76' lang='lat' dir='ltr'><strong>Gallim,</strong></span> <span class='ocrx_word' id='word_1_11' title='bbox 1323 855 1397 914; x_wconf 88' lang='lat' dir='ltr'><strong>ante</strong></span> <span class='ocrx_word' id='word_1_12' title='bbox 1427 871 1539 915; x_wconf 90' lang='lat' dir='ltr'><strong>omnes</strong></span> 
     </span>
     <span class='ocr_line' id='line_1_3' title="bbox 263 957 1540 1045; baseline -0.002 -22"><span class='ocrx_word' id='word_1_13' title='bbox 263 960 386 1045; x_wconf 88' lang='lat' dir='ltr'><strong>primus</strong></span> <span class='ocrx_word' id='word_1_14' title='bbox 402 959 545 1043; x_wconf 76' lang='lat' dir='ltr'><strong>Aegypti</strong></span> <span class='ocrx_word' id='word_1_15' title='bbox 564 959 759 1043; x_wconf 88' lang='lat' dir='ltr'><strong>praefectus,</strong></span> <span class='ocrx_word' id='word_1_16' title='bbox 778 957 842 1022; x_wconf 84' lang='lat' dir='ltr'><strong>fuit</strong></span> <span class='ocrx_word' id='word_1_17' title='bbox 860 963 956 1041; x_wconf 92' lang='lat' dir='ltr'><strong>poeta</strong></span> <span class='ocrx_word' id='word_1_18' title='bbox 975 958 1125 1041; x_wconf 70' lang='lat' dir='ltr'><strong>eximius,</strong></span> <span class='ocrx_word' id='word_1_19' title='bbox 1146 980 1220 1020; x_wconf 88' lang='lat' dir='ltr'><strong>nam</strong></span> <span class='ocrx_word' id='word_1_20' title='bbox 1239 966 1268 1021; x_wconf 82' lang='lat' dir='ltr'><strong>ct</strong></span> <span class='ocrx_word' id='word_1_21' title='bbox 1284 957 1540 1042; x_wconf 82' lang='lat' dir='ltr'>Euphorionem,</span> 
     </span>
     <span class='ocr_line' id='line_1_4' title="bbox 264 1060 1541 1151; baseline -0.003 -20"><span class='ocrx_word' id='word_1_22' title='bbox 264 1072 300 1132; x_wconf 92' lang='lat' dir='ltr'><strong>ut</strong></span> <span class='ocrx_word' id='word_1_23' title='bbox 324 1090 422 1151; x_wconf 87' lang='lat' dir='ltr'><strong>supra</strong></span> <span class='ocrx_word' id='word_1_24' title='bbox 438 1060 506 1150; x_wconf 82' lang='lat' dir='ltr'><strong>&lt;VI</strong></span> <span class='ocrx_word' id='word_1_25' title='bbox 522 1066 586 1150; x_wconf 77' lang='lat'><strong>72&gt;</strong></span> <span class='ocrx_word' id='word_1_26' title='bbox 602 1065 750 1147; x_wconf 83' lang='lat' dir='ltr'><strong>diximus,</strong></span> <span class='ocrx_word' id='word_1_27' title='bbox 773 1063 944 1128; x_wconf 74' lang='lat' dir='ltr'><strong>transtulit</strong></span> <span class='ocrx_word' id='word_1_28' title='bbox 968 1064 1001 1127; x_wconf 92' lang='lat' dir='ltr'><strong>iu</strong></span> <span class='ocrx_word' id='word_1_29' title='bbox 1025 1064 1163 1127; x_wconf 85' lang='lat' dir='ltr'><strong>latinum</strong></span> <span class='ocrx_word' id='word_1_30' title='bbox 1189 1086 1379 1148; x_wconf 87' lang='lat' dir='ltr'><strong>sermonem,</strong></span> <span class='ocrx_word' id='word_1_31' title='bbox 1402 1068 1435 1128; x_wconf 91' lang='lat' dir='ltr'><strong>et</strong></span> <span class='ocrx_word' id='word_1_32' title='bbox 1454 1086 1541 1128; x_wconf 90' lang='lat' dir='ltr'><strong>amo-</strong></span> 
     </span>
     <span class='ocr_line' id='line_1_5' title="bbox 263 1170 1540 1256; baseline -0.004 -17"><span class='ocrx_word' id='word_1_33' title='bbox 263 1198 336 1239; x_wconf 86' lang='lat' dir='ltr'><strong>rum</strong></span> <span class='ocrx_word' id='word_1_34' title='bbox 365 1195 497 1238; x_wconf 90' lang='lat' dir='ltr'><strong>suorum</strong></span> <span class='ocrx_word' id='word_1_35' title='bbox 526 1172 564 1236; x_wconf 94' lang='lat' dir='ltr'><strong>de</strong></span> <span class='ocrx_word' id='word_1_36' title='bbox 588 1171 761 1256; x_wconf 79' lang='lat' dir='ltr'><strong>Cytheride</strong></span> <span class='ocrx_word' id='word_1_37' title='bbox 791 1170 921 1254; x_wconf 82' lang='lat' dir='ltr'><strong>scripsit</strong></span> <span class='ocrx_word' id='word_1_38' title='bbox 949 1170 1051 1235; x_wconf 91' lang='lat' dir='ltr'><strong>libros</strong></span> <span class='ocrx_word' id='word_1_39' title='bbox 1081 1176 1242 1254; x_wconf 88' lang='lat' dir='ltr'><strong>quattuor.</strong></span> <span class='ocrx_word' id='word_1_40' title='bbox 1290 1171 1343 1235; x_wconf 91' lang='lat' dir='ltr'><strong>hic</strong></span> <span class='ocrx_word' id='word_1_41' title='bbox 1371 1171 1477 1255; x_wconf 91' lang='lat' dir='ltr'><strong>primo</strong></span> <span class='ocrx_word' id='word_1_42' title='bbox 1506 1171 1540 1235; x_wconf 93' lang='lat' dir='ltr'><strong>in</strong></span> 
     </span>
    </p>

    <p class='ocr_par' dir='ltr' id='par_1_3' title="bbox 229 1277 1543 1792">
     <span class='ocr_line' id='line_1_6' title="bbox 229 1277 1542 1365; baseline -0.001 -21"><span class='ocrx_word' id='word_1_43' title='bbox 229 1298 245 1344; x_wconf 78' lang='lat' dir='ltr'><strong>s</strong></span> <span class='ocrx_word' id='word_1_44' title='bbox 265 1281 419 1345; x_wconf 77' lang='lat' dir='ltr'><strong>amicitiis</strong></span> <span class='ocrx_word' id='word_1_45' title='bbox 434 1279 577 1365; x_wconf 82' lang='lat' dir='ltr'><strong>Augusti</strong></span> <span class='ocrx_word' id='word_1_46' title='bbox 593 1277 741 1344; x_wconf 81' lang='lat' dir='ltr'><strong>Caesaris</strong></span> <span class='ocrx_word' id='word_1_47' title='bbox 764 1277 840 1341; x_wconf 84' lang='lat' dir='ltr'><strong>fuit:</strong></span> <span class='ocrx_word' id='word_1_48' title='bbox 864 1282 980 1362; x_wconf 89' lang='lat' dir='ltr'><strong>postea</strong></span> <span class='ocrx_word' id='word_1_49' title='bbox 1003 1300 1076 1342; x_wconf 92' lang='lat' dir='ltr'><strong>cum</strong></span> <span class='ocrx_word' id='word_1_50' title='bbox 1101 1277 1242 1342; x_wconf 89' lang='lat' dir='ltr'><strong>venisset</strong></span> <span class='ocrx_word' id='word_1_51' title='bbox 1261 1278 1295 1341; x_wconf 90' lang='lat' dir='ltr'><strong>in</strong></span> <span class='ocrx_word' id='word_1_52' title='bbox 1314 1277 1542 1362; x_wconf 83' lang='lat' dir='ltr'><strong>suspicionem,</strong></span> 
     </span>
     <span class='ocr_line' id='line_1_7' title="bbox 264 1383 1541 1474; baseline -0.002 -21"><span class='ocrx_word' id='word_1_53' title='bbox 264 1390 348 1474; x_wconf 92' lang='lat' dir='ltr'><strong>quod</strong></span> <span class='ocrx_word' id='word_1_54' title='bbox 378 1391 491 1452; x_wconf 89' lang='lat' dir='ltr'><strong>contra</strong></span> <span class='ocrx_word' id='word_1_55' title='bbox 518 1409 591 1451; x_wconf 91' lang='lat' dir='ltr'><strong>eum</strong></span> <span class='ocrx_word' id='word_1_56' title='bbox 621 1386 817 1466; x_wconf 89' lang='lat' dir='ltr'><strong>coniuraret,</strong></span> <span class='ocrx_word' id='word_1_57' title='bbox 845 1385 968 1449; x_wconf 89' lang='lat' dir='ltr'><strong>occisus</strong></span> <span class='ocrx_word' id='word_1_58' title='bbox 993 1388 1051 1448; x_wconf 91' lang='lat' dir='ltr'><strong>est.</strong></span> <span class='ocrx_word' id='word_1_59' title='bbox 1097 1385 1158 1449; x_wconf 83' lang='lat' dir='ltr'><strong>fuit</strong></span> <span class='ocrx_word' id='word_1_60' title='bbox 1182 1389 1290 1449; x_wconf 88' lang='lat' dir='ltr'><strong>autem</strong></span> <span class='ocrx_word' id='word_1_61' title='bbox 1315 1384 1437 1450; x_wconf 89' lang='lat' dir='ltr'><strong>amicus</strong></span> <span class='ocrx_word' id='word_1_62' title='bbox 1460 1383 1541 1450; x_wconf 87' lang='lat' dir='ltr'><strong>Ver-</strong></span> 
     </span>
     <span class='ocr_line' id='line_1_8' title="bbox 264 1491 1542 1581; baseline -0.002 -22"><span class='ocrx_word' id='word_1_63' title='bbox 264 1496 335 1581; x_wconf 80' lang='lat' dir='ltr'><strong>gilii</strong></span> <span class='ocrx_word' id='word_1_64' title='bbox 366 1495 460 1577; x_wconf 91' lang='lat' dir='ltr'><strong>ade0,</strong></span> <span class='ocrx_word' id='word_1_65' title='bbox 494 1498 530 1559; x_wconf 91' lang='lat' dir='ltr'><strong>ut</strong></span> <span class='ocrx_word' id='word_1_66' title='bbox 560 1496 694 1578; x_wconf 91' lang='lat' dir='ltr'><strong>quartus</strong></span> <span class='ocrx_word' id='word_1_67' title='bbox 727 1491 953 1578; x_wconf 82' lang='lat' dir='ltr'><strong>georgicorum</strong></span> <span class='ocrx_word' id='word_1_68' title='bbox 985 1516 1003 1556; x_wconf 91' lang='lat' dir='ltr'><strong>a</strong></span> <span class='ocrx_word' id='word_1_69' title='bbox 1034 1492 1139 1555; x_wconf 88' lang='lat' dir='ltr'><strong>medio</strong></span> <span class='ocrx_word' id='word_1_70' title='bbox 1163 1514 1265 1576; x_wconf 91' lang='lat' dir='ltr'><strong>usque</strong></span> <span class='ocrx_word' id='word_1_71' title='bbox 1289 1493 1329 1557; x_wconf 91' lang='lat' dir='ltr'><strong>ad</strong></span> <span class='ocrx_word' id='word_1_72' title='bbox 1351 1494 1450 1558; x_wconf 91' lang='lat' dir='ltr'><strong>finem</strong></span> <span class='ocrx_word' id='word_1_73' title='bbox 1474 1493 1542 1558; x_wconf 90' lang='lat' dir='ltr'><strong>eius</strong></span> 
     </span>
     <span class='ocr_line' id='line_1_9' title="bbox 265 1599 1542 1684; baseline -0.002 -17"><span class='ocrx_word' id='word_1_74' title='bbox 265 1602 376 1667; x_wconf 88' lang='lat' dir='ltr'><strong>laudes</strong></span> <span class='ocrx_word' id='word_1_75' title='bbox 405 1605 541 1666; x_wconf 87' lang='lat' dir='ltr'><strong>teneret:</strong></span> <span class='ocrx_word' id='word_1_76' title='bbox 580 1622 660 1684; x_wconf 91' lang='lat' dir='ltr'><strong>quas</strong></span> <span class='ocrx_word' id='word_1_77' title='bbox 688 1602 804 1683; x_wconf 89' lang='lat' dir='ltr'><strong>postea</strong></span> <span class='ocrx_word' id='word_1_78' title='bbox 833 1599 965 1662; x_wconf 89' lang='lat' dir='ltr'><strong>iubente</strong></span> <span class='ocrx_word' id='word_1_79' title='bbox 990 1602 1138 1683; x_wconf 87' lang='lat' dir='ltr'><strong>Augusto</strong></span> <span class='ocrx_word' id='word_1_80' title='bbox 1168 1599 1202 1662; x_wconf 92' lang='lat' dir='ltr'><strong>in</strong></span> <span class='ocrx_word' id='word_1_81' title='bbox 1226 1599 1371 1665; x_wconf 87' lang='lat' dir='ltr'><strong>Aristaei</strong></span> <span class='ocrx_word' id='word_1_82' title='bbox 1394 1600 1542 1666; x_wconf 87' lang='lat' dir='ltr'><strong>fabulam</strong></span> 
     </span>
     <span class='ocr_line' id='line_1_10' title="bbox 265 1704 1543 1792; baseline -0.001 -19"><span class='ocrx_word' id='word_1_83' title='bbox 265 1707 486 1774; x_wconf 88' lang='lat' dir='ltr'><strong>commutavit.</strong></span> <span class='ocrx_word' id='word_1_84' title='bbox 531 1707 584 1772; x_wconf 90' lang='lat' dir='ltr'><strong>hic</strong></span> <span class='ocrx_word' id='word_1_85' title='bbox 615 1711 716 1771; x_wconf 74' lang='lat' dir='ltr'><strong>autem</strong></span> <span class='ocrx_word' id='word_1_86' title='bbox 740 1704 853 1769; x_wconf 81' lang='lat' dir='ltr'><strong>Gallus</strong></span> <span class='ocrx_word' id='word_1_87' title='bbox 878 1706 1001 1770; x_wconf 88' lang='lat' dir='ltr'><strong>amavit</strong></span> <span class='ocrx_word' id='word_1_88' title='bbox 1025 1705 1233 1789; x_wconf 79' lang='lat' dir='ltr'><strong>Cytheridem</strong></span> <span class='ocrx_word' id='word_1_89' title='bbox 1257 1708 1473 1792; x_wconf 84' lang='lat' dir='ltr'><strong>meretricem,</strong></span> <span class='ocrx_word' id='word_1_90' title='bbox 1505 1708 1543 1772; x_wconf 94' lang='lat' dir='ltr'><strong>li·</strong></span> 
     </span>
    </p>

    <p class='ocr_par' dir='ltr' id='par_1_4' title="bbox 216 1813 1544 2327">
     <span class='ocr_line' id='line_1_11' title="bbox 216 1813 1544 1898; baseline 0.002 -20"><span class='ocrx_word' id='word_1_91' title='bbox 216 1832 247 1880; x_wconf 85' lang='lat'><strong>10</strong></span> <span class='ocrx_word' id='word_1_92' title='bbox 267 1817 394 1880; x_wconf 90' lang='lat' dir='ltr'><strong>bertam</strong></span> <span class='ocrx_word' id='word_1_93' title='bbox 417 1813 599 1898; x_wconf 90' lang='lat' dir='ltr'><strong>Volumnii,</strong></span> <span class='ocrx_word' id='word_1_94' title='bbox 632 1836 727 1897; x_wconf 89' lang='lat' dir='ltr'><strong>quae,</strong></span> <span class='ocrx_word' id='word_1_95' title='bbox 760 1835 797 1876; x_wconf 93' lang='lat' dir='ltr'><strong>eo</strong></span> <span class='ocrx_word' id='word_1_96' title='bbox 828 1816 952 1896; x_wconf 89' lang='lat' dir='ltr'><strong>spreto,</strong></span> <span class='ocrx_word' id='word_1_97' title='bbox 985 1814 1165 1878; x_wconf 90' lang='lat' dir='ltr'><strong>Antonium</strong></span> <span class='ocrx_word' id='word_1_98' title='bbox 1194 1820 1323 1877; x_wconf 90' lang='lat' dir='ltr'><strong>euntem</strong></span> <span class='ocrx_word' id='word_1_99' title='bbox 1352 1816 1392 1879; x_wconf 91' lang='lat' dir='ltr'><strong>ad</strong></span> <span class='ocrx_word' id='word_1_100' title='bbox 1417 1814 1544 1881; x_wconf 85' lang='lat' dir='ltr'><strong>Gallias</strong></span> 
     </span>
     <span class='ocr_line' id='line_1_12' title="bbox 267 1918 1542 2005; baseline 0.001 -19"><span class='ocrx_word' id='word_1_101' title='bbox 267 1927 317 1986; x_wconf 92' lang='lat' dir='ltr'><strong>est</strong></span> <span class='ocrx_word' id='word_1_102' title='bbox 341 1925 465 1986; x_wconf 90' lang='lat' dir='ltr'><strong>secuta:</strong></span> <span class='ocrx_word' id='word_1_103' title='bbox 488 1924 621 2005; x_wconf 85' lang='lat' dir='ltr'><strong>propter</strong></span> <span class='ocrx_word' id='word_1_104' title='bbox 645 1918 731 2002; x_wconf 92' lang='lat' dir='ltr'><strong>quod</strong></span> <span class='ocrx_word' id='word_1_105' title='bbox 755 1919 899 1982; x_wconf 91' lang='lat' dir='ltr'><strong>dolorem</strong></span> <span class='ocrx_word' id='word_1_106' title='bbox 919 1919 1007 1984; x_wconf 80' lang='lat' dir='ltr'><strong>Galli</strong></span> <span class='ocrx_word' id='word_1_107' title='bbox 1031 1942 1114 1983; x_wconf 90' lang='lat' dir='ltr'><strong>nunc</strong></span> <span class='ocrx_word' id='word_1_108' title='bbox 1138 1920 1264 1985; x_wconf 87' lang='lat' dir='ltr'><strong>videtur</strong></span> <span class='ocrx_word' id='word_1_109' title='bbox 1288 1923 1450 1987; x_wconf 88' lang='lat' dir='ltr'><strong>consolari</strong></span> <span class='ocrx_word' id='word_1_110' title='bbox 1463 1922 1542 1988; x_wconf 91' lang='lat' dir='ltr'><strong>Ver·</strong></span> 
     </span>
     <span class='ocr_line' id='line_1_13' title="bbox 268 2027 1544 2116; baseline 0.002 -23"><span class='ocrx_word' id='word_1_111' title='bbox 268 2031 374 2116; x_wconf 90' lang='lat' dir='ltr'><strong>gilius.</strong></span> <span class='ocrx_word' id='word_1_112' title='bbox 420 2050 478 2093; x_wconf 92' lang='lat' dir='ltr'><strong>nec</strong></span> <span class='ocrx_word' id='word_1_113' title='bbox 502 2050 561 2092; x_wconf 91' lang='lat' dir='ltr'><strong>nos</strong></span> <span class='ocrx_word' id='word_1_114' title='bbox 586 2027 681 2091; x_wconf 88' lang='lat' dir='ltr'><strong>debet</strong></span> <span class='ocrx_word' id='word_1_115' title='bbox 704 2049 834 2090; x_wconf 88' lang='lat' dir='ltr'><strong>movere</strong></span> <span class='ocrx_word' id='word_1_116' title='bbox 858 2027 957 2111; x_wconf 93' lang='lat' dir='ltr'><strong>quod,</strong></span> <span class='ocrx_word' id='word_1_117' title='bbox 985 2050 1057 2091; x_wconf 89' lang='lat' dir='ltr'><strong>cum</strong></span> <span class='ocrx_word' id='word_1_118' title='bbox 1088 2029 1261 2092; x_wconf 89' lang='lat' dir='ltr'><strong>mutaverit</strong></span> <span class='ocrx_word' id='word_1_119' title='bbox 1284 2033 1410 2113; x_wconf 91' lang='lat' dir='ltr'><strong>partem</strong></span> <span class='ocrx_word' id='word_1_120' title='bbox 1434 2032 1544 2115; x_wconf 89' lang='lat' dir='ltr'><strong>quarti</strong></span> 
     </span>
     <span class='ocr_line' id='line_1_14' title="bbox 267 2133 1544 2221; baseline 0.002 -20"><span class='ocrx_word' id='word_1_121' title='bbox 267 2137 507 2221; x_wconf 89' lang='lat' dir='ltr'><strong>georgicorum,</strong></span> <span class='ocrx_word' id='word_1_122' title='bbox 531 2136 615 2199; x_wconf 92' lang='lat' dir='ltr'><strong>hanc</strong></span> <span class='ocrx_word' id='word_1_123' title='bbox 638 2135 786 2219; x_wconf 89' lang='lat' dir='ltr'><strong>eclogam</strong></span> <span class='ocrx_word' id='word_1_124' title='bbox 811 2133 856 2197; x_wconf 93' lang='lat' dir='ltr'><strong>sic</strong></span> <span class='ocrx_word' id='word_1_125' title='bbox 880 2133 1023 2218; x_wconf 89' lang='lat' dir='ltr'><strong>reliquit:</strong></span> <span class='ocrx_word' id='word_1_126' title='bbox 1046 2157 1124 2198; x_wconf 90' lang='lat' dir='ltr'><strong>nam</strong></span> <span class='ocrx_word' id='word_1_127' title='bbox 1147 2135 1224 2199; x_wconf 91' lang='lat' dir='ltr'><strong>licet</strong></span> <span class='ocrx_word' id='word_1_128' title='bbox 1247 2137 1435 2202; x_wconf 88' lang='lat' dir='ltr'><strong>consoletur</strong></span> <span class='ocrx_word' id='word_1_129' title='bbox 1454 2139 1487 2202; x_wconf 89' lang='lat' dir='ltr'><strong>iu</strong></span> <span class='ocrx_word' id='word_1_130' title='bbox 1506 2162 1544 2202; x_wconf 87' lang='lat' dir='ltr'><strong>ea</strong></span> 
     </span>
     <span class='ocr_line' id='line_1_15' title="bbox 267 2241 1543 2327; baseline 0 -19"><span class='ocrx_word' id='word_1_131' title='bbox 267 2243 416 2327; x_wconf 82' lang='lat' dir='ltr'><strong>Callum,</strong></span> <span class='ocrx_word' id='word_1_132' title='bbox 438 2248 547 2307; x_wconf 91' lang='lat' dir='ltr'><strong>tamen</strong></span> <span class='ocrx_word' id='word_1_133' title='bbox 572 2241 669 2306; x_wconf 90' lang='lat' dir='ltr'><strong>altius</strong></span> <span class='ocrx_word' id='word_1_134' title='bbox 693 2241 833 2304; x_wconf 89' lang='lat' dir='ltr'><strong>intuenti</strong></span> <span class='ocrx_word' id='word_1_135' title='bbox 856 2241 1052 2323; x_wconf 89' lang='lat' dir='ltr'><strong>vituperatio</strong></span> <span class='ocrx_word' id='word_1_136' title='bbox 1078 2245 1140 2324; x_wconf 79' lang='lat' dir='ltr'><strong>est3</strong></span> <span class='ocrx_word' id='word_1_137' title='bbox 1164 2264 1239 2305; x_wconf 87' lang='lat' dir='ltr'><strong>nam</strong></span> <span class='ocrx_word' id='word_1_138' title='bbox 1264 2244 1352 2307; x_wconf 89' lang='lat' dir='ltr'><strong>etin</strong></span> <span class='ocrx_word' id='word_1_139' title='bbox 1376 2244 1472 2310; x_wconf 81' lang='lat' dir='ltr'><strong>Gallo</strong></span> <span class='ocrx_word' id='word_1_140' title='bbox 1496 2244 1543 2308; x_wconf 91' lang='lat' dir='ltr'><strong>in-</strong></span> 
     </span>
    </p>
   </div>
   <div class='ocr_carea' id='block_1_2' title="bbox 215 2344 1661 2437">
    <p class='ocr_par' dir='ltr' id='par_1_5' title="bbox 215 2344 1661 2437">
     <span class='ocr_line' id='line_1_16' title="bbox 215 2344 1661 2437; baseline 0.003 -25"><span class='ocrx_word' id='word_1_141' title='bbox 215 2364 247 2413; x_wconf 77' lang='grc'><strong>15</strong></span> <span class='ocrx_word' id='word_1_142' title='bbox 267 2352 426 2437; x_wconf 89' lang='lat' dir='ltr'><strong>patientia</strong></span> <span class='ocrx_word' id='word_1_143' title='bbox 449 2349 554 2434; x_wconf 88' lang='lat' dir='ltr'><strong>turpis</strong></span> <span class='ocrx_word' id='word_1_144' title='bbox 578 2349 698 2413; x_wconf 87' lang='lat' dir='ltr'><strong>amoris</strong></span> <span class='ocrx_word' id='word_1_145' title='bbox 722 2347 912 2430; x_wconf 90' lang='lat' dir='ltr'><strong>ostenditur,</strong></span> <span class='ocrx_word' id='word_1_146' title='bbox 937 2350 970 2411; x_wconf 92' lang='lat' dir='ltr'><strong>et</strong></span> <span class='ocrx_word' id='word_1_147' title='bbox 993 2352 1104 2432; x_wconf 87' lang='lat' dir='ltr'><strong>aperte</strong></span> <span class='ocrx_word' id='word_1_148' title='bbox 1127 2348 1180 2412; x_wconf 88' lang='lat' dir='ltr'><strong>hic</strong></span> <span class='ocrx_word' id='word_1_149' title='bbox 1200 2350 1363 2414; x_wconf 88' lang='lat' dir='ltr'><strong>Antonius</strong></span> <span class='ocrx_word' id='word_1_150' title='bbox 1388 2352 1543 2437; x_wconf 88' lang='lat' dir='ltr'><strong>carpitur,</strong></span> <span class='ocrx_word' id='word_1_151' title='bbox 1653 2344 1661 2359; x_wconf 75' lang='grc'><strong>”</strong></span> 
     </span>
    </p>
   </div>
   <div class='ocr_carea' id='block_1_3' title="bbox 266 2454 1545 2863">
    <p class='ocr_par' dir='ltr' id='par_1_6' title="bbox 266 2454 1545 2863">
     <span class='ocr_line' id='line_1_17' title="bbox 266 2454 1544 2542; baseline 0 -20"><span class='ocrx_word' id='word_1_152' title='bbox 266 2458 414 2523; x_wconf 89' lang='lat' dir='ltr'><strong>inimicus</strong></span> <span class='ocrx_word' id='word_1_153' title='bbox 426 2456 578 2542; x_wconf 83' lang='lat' dir='ltr'><strong>Augusti,</strong></span> <span class='ocrx_word' id='word_1_154' title='bbox 593 2478 686 2540; x_wconf 90' lang='lat' dir='ltr'><strong>quem</strong></span> <span class='ocrx_word' id='word_1_155' title='bbox 701 2458 815 2520; x_wconf 90' lang='lat' dir='ltr'><strong>eontra</strong></span> <span class='ocrx_word' id='word_1_156' title='bbox 829 2454 1010 2519; x_wconf 87' lang='lat' dir='ltr'><strong>Romanum</strong></span> <span class='ocrx_word' id='word_1_157' title='bbox 1027 2478 1149 2520; x_wconf 89' lang='lat' dir='ltr'><strong>morem</strong></span> <span class='ocrx_word' id='word_1_158' title='bbox 1161 2454 1311 2540; x_wconf 87' lang='lat' dir='ltr'><strong>Cytheris</strong></span> <span class='ocrx_word' id='word_1_159' title='bbox 1322 2462 1372 2523; x_wconf 90' lang='lat' dir='ltr'><strong>est</strong></span> <span class='ocrx_word' id='word_1_160' title='bbox 1385 2457 1419 2522; x_wconf 90' lang='lat' dir='ltr'><strong>in</strong></span> <span class='ocrx_word' id='word_1_161' title='bbox 1435 2462 1544 2523; x_wconf 87' lang='lat' dir='ltr'><strong>castra</strong></span> 
     </span>
     <span class='ocr_line' id='line_1_18' title="bbox 267 2560 1543 2645; baseline 0 -16"><span class='ocrx_word' id='word_1_162' title='bbox 267 2564 431 2629; x_wconf 91' lang='lat' dir='ltr'><strong>comitata.</strong></span> <span class='ocrx_word' id='word_1_163' title='bbox 478 2562 677 2628; x_wconf 76' lang='lat' dir='ltr'><strong>‘extremum</strong></span> <span class='ocrx_word' id='word_1_164' title='bbox 700 2560 864 2628; x_wconf 90' lang='lat' dir='ltr'><strong>laborem&#39;</strong></span> <span class='ocrx_word' id='word_1_165' title='bbox 891 2583 957 2626; x_wconf 92' lang='lat' dir='ltr'><strong>non</strong></span> <span class='ocrx_word' id='word_1_166' title='bbox 986 2563 1070 2645; x_wconf 91' lang='lat' dir='ltr'><strong>quod</strong></span> <span class='ocrx_word' id='word_1_167' title='bbox 1099 2562 1179 2626; x_wconf 88' lang='lat' dir='ltr'><strong>mihi</strong></span> <span class='ocrx_word' id='word_1_168' title='bbox 1202 2563 1401 2629; x_wconf 89' lang='lat' dir='ltr'><strong>laboriosum</strong></span> <span class='ocrx_word' id='word_1_169' title='bbox 1425 2570 1476 2629; x_wconf 87' lang='lat' dir='ltr'><strong>est</strong></span> <span class='ocrx_word' id='word_1_170' title='bbox 1499 2602 1543 2611; x_wconf 91' lang='lat'><em>-</em></span> 
     </span>
     <span class='ocr_line' id='line_1_19' title="bbox 267 2669 1545 2755; baseline 0.001 -19"><span class='ocrx_word' id='word_1_171' title='bbox 267 2694 343 2736; x_wconf 88' lang='lat' dir='ltr'><strong>nam</strong></span> <span class='ocrx_word' id='word_1_172' title='bbox 372 2671 512 2735; x_wconf 89' lang='lat' dir='ltr'><strong>scribere</strong></span> <span class='ocrx_word' id='word_1_173' title='bbox 541 2670 627 2755; x_wconf 90' lang='lat' dir='ltr'><strong>apud</strong></span> <span class='ocrx_word' id='word_1_174' title='bbox 655 2675 769 2754; x_wconf 88' lang='lat' dir='ltr'><strong>poetas</strong></span> <span class='ocrx_word' id='word_1_175' title='bbox 799 2669 894 2733; x_wconf 89' lang='lat' dir='ltr'><strong>ludus</strong></span> <span class='ocrx_word' id='word_1_176' title='bbox 920 2675 982 2753; x_wconf 91' lang='lat' dir='ltr'><strong>est,</strong></span> <span class='ocrx_word' id='word_1_177' title='bbox 1015 2675 1051 2734; x_wconf 88' lang='lat' dir='ltr'><strong>nt</strong></span> <span class='ocrx_word' id='word_1_178' title='bbox 1074 2670 1111 2754; x_wconf 87' lang='lat' dir='ltr'><strong>&lt;l</strong></span> <span class='ocrx_word' id='word_1_179' title='bbox 1136 2671 1178 2754; x_wconf 80' lang='lat'><strong>9&gt;</strong></span> <span class='ocrx_word' id='word_1_180' title='bbox 1203 2673 1240 2734; x_wconf 87' lang='lat' dir='ltr'><strong>ot</strong></span> <span class='ocrx_word' id='word_1_181' title='bbox 1264 2672 1388 2754; x_wconf 90' lang='lat' dir='ltr'><strong>ipsum</strong></span> <span class='ocrx_word' id='word_1_182' title='bbox 1411 2672 1545 2737; x_wconf 91' lang='lat' dir='ltr'><strong>ludere</strong></span> 
     </span>
     <span class='ocr_line' id='line_1_20' title="bbox 268 2775 1545 2863; baseline 0.002 -21"><span class='ocrx_word' id='word_1_183' title='bbox 268 2801 364 2863; x_wconf 87' lang='lat' dir='ltr'><strong>quae</strong></span> <span class='ocrx_word' id='word_1_184' title='bbox 398 2778 535 2841; x_wconf 83' lang='lat' dir='ltr'><strong>vellem</strong></span> <span class='ocrx_word' id='word_1_185' title='bbox 564 2813 620 2861; x_wconf 90' lang='lat'><strong>-,</strong></span> <span class='ocrx_word' id='word_1_186' title='bbox 654 2776 709 2840; x_wconf 88' lang='lat' dir='ltr'><strong>sed</strong></span> <span class='ocrx_word' id='word_1_187' title='bbox 740 2798 809 2841; x_wconf 92' lang='lat' dir='ltr'><strong>rem</strong></span> <span class='ocrx_word' id='word_1_188' title='bbox 837 2775 899 2839; x_wconf 90' lang='lat' dir='ltr'><strong>tibi</strong></span> <span class='ocrx_word' id='word_1_189' title='bbox 927 2777 1139 2858; x_wconf 86' lang='lat' dir='ltr'><strong>laboriosam,</strong></span> <span class='ocrx_word' id='word_1_190' title='bbox 1173 2777 1297 2842; x_wconf 89' lang='lat' dir='ltr'><strong>scilicet</strong></span> <span class='ocrx_word' id='word_1_191' title='bbox 1325 2784 1361 2842; x_wconf 92' lang='lat' dir='ltr'><strong>ut</strong></span> <span class='ocrx_word' id='word_1_192' title='bbox 1389 2780 1545 2863; x_wconf 89' lang='lat' dir='ltr'><strong>nympha,</strong></span> 
     </span>
    </p>
   </div>
   <div class='ocr_carea' id='block_1_4' title="bbox 216 2882 1546 3610">
    <p class='ocr_par' dir='ltr' id='par_1_7' title="bbox 217 2882 1546 3395">
     <span class='ocr_line' id='line_1_21' title="bbox 217 2882 1543 2969; baseline 0.002 -20"><span class='ocrx_word' id='word_1_193' title='bbox 217 2903 251 2949; x_wconf 81' lang='lat'><strong>20</strong></span> <span class='ocrx_word' id='word_1_194' title='bbox 270 2885 462 2969; x_wconf 87' lang='lat' dir='ltr'><strong>virginitate</strong></span> <span class='ocrx_word' id='word_1_195' title='bbox 486 2883 644 2967; x_wconf 88' lang='lat' dir='ltr'><strong>gaudens,</strong></span> <span class='ocrx_word' id='word_1_196' title='bbox 668 2886 813 2967; x_wconf 90' lang='lat' dir='ltr'><strong>praestes</strong></span> <span class='ocrx_word' id='word_1_197' title='bbox 838 2882 876 2946; x_wconf 87' lang='lat' dir='ltr'><strong>de</strong></span> <span class='ocrx_word' id='word_1_198' title='bbox 900 2884 1064 2948; x_wconf 91' lang='lat' dir='ltr'><strong>amoribus</strong></span> <span class='ocrx_word' id='word_1_199' title='bbox 1089 2884 1293 2950; x_wconf 89' lang='lat' dir='ltr'><strong>cantilenam.</strong></span> <span class='ocrx_word' id='word_1_200' title='bbox 1330 2886 1414 2950; x_wconf 91' lang='lat' dir='ltr'><strong>unde</strong></span> <span class='ocrx_word' id='word_1_201' title='bbox 1437 2890 1471 2951; x_wconf 90' lang='lat' dir='ltr'><strong>et</strong></span> <span class='ocrx_word' id='word_1_202' title='bbox 1494 2908 1543 2952; x_wconf 91' lang='lat' dir='ltr'><strong>ro-</strong></span> 
     </span>
     <span class='ocr_line' id='line_1_22' title="bbox 269 2989 1545 3078; baseline 0.002 -22"><span class='ocrx_word' id='word_1_203' title='bbox 269 2997 342 3078; x_wconf 85' lang='lat' dir='ltr'><strong>gat,</strong></span> <span class='ocrx_word' id='word_1_204' title='bbox 366 2992 475 3056; x_wconf 88' lang='lat' dir='ltr'><strong>dicens</strong></span> <span class='ocrx_word' id='word_1_205' title='bbox 496 2989 666 3072; x_wconf 75' lang='lat' dir='ltr'><strong>‘concede&#39;,</strong></span> <span class='ocrx_word' id='word_1_206' title='bbox 691 2994 723 3053; x_wconf 92' lang='lat' dir='ltr'><strong>et</strong></span> <span class='ocrx_word' id='word_1_207' title='bbox 746 2991 924 3054; x_wconf 89' lang='lat' dir='ltr'><strong>verecunde</strong></span> <span class='ocrx_word' id='word_1_208' title='bbox 949 2990 1075 3074; x_wconf 76' lang='lat' dir='ltr'><strong>‘pauca&#39;</strong></span> <span class='ocrx_word' id='word_1_209' title='bbox 1100 2992 1245 3075; x_wconf 88' lang='lat' dir='ltr'><strong>postulat</strong></span> <span class='ocrx_word' id='word_1_210' title='bbox 1269 2995 1302 3055; x_wconf 89' lang='lat' dir='ltr'><strong>et</strong></span> <span class='ocrx_word' id='word_1_211' title='bbox 1326 3016 1397 3057; x_wconf 90' lang='lat' dir='ltr'><strong>eam</strong></span> <span class='ocrx_word' id='word_1_212' title='bbox 1417 2993 1545 3069; x_wconf 88' lang='lat' dir='ltr'><strong>adiurat</strong></span> 
     </span>
     <span class='ocr_line' id='line_1_23' title="bbox 269 3096 1544 3184; baseline 0.002 -22"><span class='ocrx_word' id='word_1_213' title='bbox 269 3100 368 3163; x_wconf 85' lang='lat' dir='ltr'><strong>etiam</strong></span> <span class='ocrx_word' id='word_1_214' title='bbox 396 3097 461 3162; x_wconf 70' lang='lat' dir='ltr'><strong>‘sic</strong></span> <span class='ocrx_word' id='word_1_215' title='bbox 488 3098 549 3162; x_wconf 93' lang='lat' dir='ltr'><strong>tibi</strong></span> <span class='ocrx_word' id='word_1_216' title='bbox 577 3120 649 3162; x_wconf 91' lang='lat' dir='ltr'><strong>cum</strong></span> <span class='ocrx_word' id='word_1_217' title='bbox 673 3097 789 3161; x_wconf 89' lang='lat' dir='ltr'><strong>fluctus</strong></span> <span class='ocrx_word' id='word_1_218' title='bbox 814 3096 1036 3162; x_wconf 87' lang='lat' dir='ltr'><strong>subterlabere</strong></span> <span class='ocrx_word' id='word_1_219' title='bbox 1061 3097 1219 3164; x_wconf 86' lang='lat' dir='ltr'><strong>Sicanos’.</strong></span> <span class='ocrx_word' id='word_1_220' title='bbox 1264 3121 1323 3184; x_wconf 87' lang='lat' dir='ltr'><strong>per</strong></span> <span class='ocrx_word' id='word_1_221' title='bbox 1347 3098 1544 3165; x_wconf 84' lang='lat' dir='ltr'><strong>Arethusam</strong></span> 
     </span>
     <span class='ocr_line' id='line_1_24' title="bbox 270 3202 1544 3287; baseline 0.002 -18"><span class='ocrx_word' id='word_1_222' title='bbox 270 3209 379 3270; x_wconf 91' lang='lat' dir='ltr'><strong>autem</strong></span> <span class='ocrx_word' id='word_1_223' title='bbox 403 3227 528 3269; x_wconf 89' lang='lat' dir='ltr'><strong>musam</strong></span> <span class='ocrx_word' id='word_1_224' title='bbox 554 3202 708 3287; x_wconf 85' lang='lat' dir='ltr'><strong>Siculam,</strong></span> <span class='ocrx_word' id='word_1_225' title='bbox 739 3203 772 3266; x_wconf 94' lang='lat' dir='ltr'><strong>id</strong></span> <span class='ocrx_word' id='word_1_226' title='bbox 796 3207 846 3267; x_wconf 91' lang='lat' dir='ltr'><strong>est</strong></span> <span class='ocrx_word' id='word_1_227' title='bbox 869 3203 1053 3268; x_wconf 88' lang='lat' dir='ltr'><strong>bucolicum</strong></span> <span class='ocrx_word' id='word_1_228' title='bbox 1076 3204 1299 3271; x_wconf 81' lang='lat' dir='ltr'><strong>Theocritium</strong></span> <span class='ocrx_word' id='word_1_229' title='bbox 1322 3205 1453 3279; x_wconf 82' lang='lat' dir='ltr'><strong>invocat</strong></span> <span class='ocrx_word' id='word_1_230' title='bbox 1477 3230 1544 3273; x_wconf 89' lang='lat' dir='ltr'><strong>car-</strong></span> 
     </span>
     <span class='ocr_line' id='line_1_25' title="bbox 270 3309 1546 3395; baseline 0.002 -19"><span class='ocrx_word' id='word_1_231' title='bbox 270 3335 352 3377; x_wconf 89' lang='lat' dir='ltr'><strong>men.</strong></span> <span class='ocrx_word' id='word_1_232' title='bbox 398 3335 476 3376; x_wconf 90' lang='lat' dir='ltr'><strong>sane</strong></span> <span class='ocrx_word' id='word_1_233' title='bbox 506 3310 697 3376; x_wconf 72' lang='lat' dir='ltr'><strong>‘Arethusa&#39;</strong></span> <span class='ocrx_word' id='word_1_234' title='bbox 726 3309 900 3376; x_wconf 89' lang='lat' dir='ltr'><strong>secundum</strong></span> <span class='ocrx_word' id='word_1_235' title='bbox 927 3309 1128 3376; x_wconf 89' lang='lat' dir='ltr'><strong>latinitatem</strong></span> <span class='ocrx_word' id='word_1_236' title='bbox 1156 3313 1189 3375; x_wconf 92' lang='lat' dir='ltr'><strong>in</strong></span> <span class='ocrx_word' id='word_1_237' title='bbox 1217 3312 1419 3395; x_wconf 87' lang='lat' dir='ltr'><strong>paenultima</strong></span> <span class='ocrx_word' id='word_1_238' title='bbox 1445 3314 1546 3379; x_wconf 92' lang='lat' dir='ltr'><strong>habet</strong></span> 
     </span>
    </p>

    <p class='ocr_par' dir='ltr' id='par_1_8' title="bbox 216 3418 1546 3610">
     <span class='ocr_line' id='line_1_26' title="bbox 216 3418 1546 3504; baseline 0.003 -20"><span class='ocrx_word' id='word_1_239' title='bbox 216 3437 250 3484; x_wconf 77' lang='lat'><strong>25</strong></span> <span class='ocrx_word' id='word_1_240' title='bbox 271 3424 453 3504; x_wconf 91' lang='lat' dir='ltr'><strong>accentum,</strong></span> <span class='ocrx_word' id='word_1_241' title='bbox 477 3419 649 3483; x_wconf 89' lang='lat' dir='ltr'><strong>secundum</strong></span> <span class='ocrx_word' id='word_1_242' title='bbox 675 3418 834 3483; x_wconf 91' lang='lat' dir='ltr'><strong>rationem</strong></span> <span class='ocrx_word' id='word_1_243' title='bbox 855 3440 1002 3504; x_wconf 87' lang='lat' dir='ltr'><strong>graecam</strong></span> <span class='ocrx_word' id='word_1_244' title='bbox 1022 3418 1055 3481; x_wconf 93' lang='lat' dir='ltr'><strong>in</strong></span> <span class='ocrx_word' id='word_1_245' title='bbox 1076 3418 1173 3482; x_wconf 90' lang='lat' dir='ltr'><strong>tertia</strong></span> <span class='ocrx_word' id='word_1_246' title='bbox 1191 3443 1210 3483; x_wconf 88' lang='lat' dir='ltr'><strong>a</strong></span> <span class='ocrx_word' id='word_1_247' title='bbox 1229 3421 1307 3504; x_wconf 86' lang='lat' dir='ltr'><strong>fine,</strong></span> <span class='ocrx_word' id='word_1_248' title='bbox 1326 3422 1410 3486; x_wconf 88' lang='lat' dir='ltr'><strong>sicut</strong></span> <span class='ocrx_word' id='word_1_249' title='bbox 1424 3420 1546 3488; x_wconf 87' lang='lat' dir='ltr'><strong>Creusa</strong></span> 
     </span>
     <span class='ocr_line' id='line_1_27' title="bbox 271 3523 491 3610; baseline 0.009 -22"><span class='ocrx_word' id='word_1_250' title='bbox 271 3529 303 3589; x_wconf 91' lang='lat' dir='ltr'><strong>et</strong></span> <span class='ocrx_word' id='word_1_251' title='bbox 328 3523 491 3610; x_wconf 80' lang='grc' dir='ltr'><em>Κρέουσα.</em></span> 
     </span>
    </p>
   </div>
   <div class='ocr_carea' id='block_1_5' title="bbox 360 3736 1278 3808">
    <p class='ocr_par' dir='ltr' id='par_1_9' title="bbox 360 3736 1278 3808">
     <span class='ocr_line' id='line_1_28' title="bbox 360 3736 1278 3808; baseline 0.005 -18"><span class='ocrx_word' id='word_1_252' title='bbox 360 3743 393 3790; x_wconf 76' lang='lat'><strong>24</strong></span> <span class='ocrx_word' id='word_1_253' title='bbox 413 3754 480 3791; x_wconf 89' lang='lat' dir='ltr'><strong>sane</strong></span> <span class='ocrx_word' id='word_1_254' title='bbox 499 3736 638 3792; x_wconf 85' lang='lat' dir='ltr'><strong>Arethusa</strong></span> <span class='ocrx_word' id='word_1_255' title='bbox 656 3756 679 3792; x_wconf 90' lang='lat' dir='ltr'><strong>e.</strong></span> <span class='ocrx_word' id='word_1_256' title='bbox 695 3756 721 3806; x_wconf 90' lang='lat' dir='ltr'><strong>q.</strong></span> <span class='ocrx_word' id='word_1_257' title='bbox 738 3738 771 3807; x_wconf 83' lang='lat' dir='ltr'><strong>s]</strong></span> <span class='ocrx_word' id='word_1_258' title='bbox 792 3738 826 3791; x_wconf 86' lang='lat' dir='ltr'><strong>cf.</strong></span> <span class='ocrx_word' id='word_1_259' title='bbox 847 3737 958 3793; x_wconf 87' lang='lat' dir='ltr'><strong>Schoell</strong></span> <span class='ocrx_word' id='word_1_260' title='bbox 978 3737 1013 3792; x_wconf 90' lang='lat' dir='ltr'><strong>dc</strong></span> <span class='ocrx_word' id='word_1_261' title='bbox 1032 3758 1089 3794; x_wconf 85' lang='lat' dir='ltr'><strong>acc.</strong></span> <span class='ocrx_word' id='word_1_262' title='bbox 1110 3741 1126 3793; x_wconf 92' lang='lat' dir='ltr'><strong>l.</strong></span> <span class='ocrx_word' id='word_1_263' title='bbox 1147 3739 1165 3794; x_wconf 92' lang='lat' dir='ltr'><strong>l.</strong></span> <span class='ocrx_word' id='word_1_264' title='bbox 1185 3758 1211 3808; x_wconf 87' lang='lat' dir='ltr'><strong>p.</strong></span> <span class='ocrx_word' id='word_1_265' title='bbox 1227 3745 1278 3795; x_wconf 76' lang='lat'><strong>207</strong></span> 
     </span>
    </p>
   </div>
   <div class='ocr_carea' id='block_1_6' title="bbox 269 3932 1546 4064">
    <p class='ocr_par' dir='ltr' id='par_1_10' title="bbox 269 3932 1546 4064">
     <span class='ocr_line' id='line_1_29' title="bbox 269 3932 1546 4007; baseline 0.005 -20"><span class='ocrx_word' id='word_1_266' title='bbox 269 3935 345 4003; x_wconf 87' lang='lat' dir='ltr'><strong>patis</strong></span> <span class='ocrx_word' id='word_1_267' title='bbox 363 3934 400 4002; x_wconf 90' lang='lat' dir='ltr'><strong>L,</strong></span> <span class='ocrx_word' id='word_1_268' title='bbox 418 3950 486 3988; x_wconf 86' lang='lat' dir='ltr'><strong>corr.</strong></span> <span class='ocrx_word' id='word_1_269' title='bbox 507 3935 543 4002; x_wconf 88' lang='grc'><strong>111</strong></span> <span class='ocrx_word' id='word_1_270' title='bbox 565 3951 669 3987; x_wconf 72' lang='lat' dir='ltr'><strong>eunoun</strong></span> <span class='ocrx_word' id='word_1_271' title='bbox 688 3950 809 3986; x_wconf 73' lang='lat' dir='ltr'><strong>arrasam</strong></span> <span class='ocrx_word' id='word_1_272' title='bbox 828 3934 854 3986; x_wconf 89' lang='lat' dir='ltr'><strong>A</strong></span> <span class='ocrx_word' id='word_1_273' title='bbox 892 3932 916 3985; x_wconf 91' lang='lat' dir='ltr'>X</span> <span class='ocrx_word' id='word_1_274' title='bbox 935 3935 1037 4002; x_wconf 81' lang='lat' dir='ltr'><strong>egloga</strong></span> <span class='ocrx_word' id='word_1_275' title='bbox 1055 3936 1217 4003; x_wconf 84' lang='lat' dir='ltr'><strong>conquestio</strong></span> <span class='ocrx_word' id='word_1_276' title='bbox 1236 3936 1270 3989; x_wconf 86' lang='lat' dir='ltr'><strong>dc</strong></span> <span class='ocrx_word' id='word_1_277' title='bbox 1291 3936 1366 4005; x_wconf 88' lang='lat' dir='ltr'><strong>agris</strong></span> <span class='ocrx_word' id='word_1_278' title='bbox 1385 3938 1420 3992; x_wconf 89' lang='lat' dir='ltr'><strong>ad</strong></span> <span class='ocrx_word' id='word_1_279' title='bbox 1440 3939 1546 4007; x_wconf 85' lang='lat' dir='ltr'><strong>gallum</strong></span> 
     </span>
     <span class='ocr_line' id='line_1_30' title="bbox 269 4006 1033 4064; baseline 0.001 -6"><span class='ocrx_word' id='word_1_280' title='bbox 269 4006 298 4059; x_wconf 93' lang='lat' dir='ltr'><em>B</em></span> <span class='ocrx_word' id='word_1_281' title='bbox 334 4027 350 4058; x_wconf 83' lang='lat' dir='ltr'><strong>x</strong></span> <span class='ocrx_word' id='word_1_282' title='bbox 370 4025 470 4059; x_wconf 71' lang='lat' dir='ltr'><strong>across</strong></span> <span class='ocrx_word' id='word_1_283' title='bbox 490 4023 652 4064; x_wconf 79' lang='lat' dir='ltr'><strong>conovnsrro</strong></span> <span class='ocrx_word' id='word_1_284' title='bbox 671 4024 723 4059; x_wconf 82' lang='lat' dir='ltr'><strong>cru</strong></span> <span class='ocrx_word' id='word_1_285' title='bbox 742 4023 829 4058; x_wconf 75' lang='lat' dir='ltr'><strong>oraro</strong></span> <span class='ocrx_word' id='word_1_286' title='bbox 848 4025 883 4057; x_wconf 81' lang='lat' dir='ltr'><strong>mr</strong></span> <span class='ocrx_word' id='word_1_287' title='bbox 901 4024 979 4059; x_wconf 78' lang='lat' dir='ltr'><strong>ausis</strong></span> <span class='ocrx_word' id='word_1_288' title='bbox 999 4006 1033 4059; x_wconf 79' lang='lat' dir='ltr'><em>H</em></span> 
     </span>
    </p>
   </div>
   <div class='ocr_carea' id='block_1_7' title="bbox 271 4145 1549 4862">
    <p class='ocr_par' dir='ltr' id='par_1_11' title="bbox 271 4145 1549 4862">
     <span class='ocr_line' id='line_1_31' title="bbox 361 4145 1547 4222; baseline 0.007 -23"><span class='ocrx_word' id='word_1_289' title='bbox 361 4153 375 4199; x_wconf 93' lang='lat'>1</span> <span class='ocrx_word' id='word_1_290' title='bbox 396 4166 495 4204; x_wconf 74' lang='lat' dir='ltr'><strong>canava</strong></span> <span class='ocrx_word' id='word_1_291' title='bbox 514 4148 561 4202; x_wconf 89' lang='lat' dir='ltr'><strong>hic</strong></span> <span class='ocrx_word' id='word_1_292' title='bbox 580 4148 624 4201; x_wconf 89' lang='lat' dir='ltr'><strong>est</strong></span> <span class='ocrx_word' id='word_1_293' title='bbox 642 4146 728 4201; x_wconf 87' lang='lat' dir='ltr'><strong>Gaius</strong></span> <span class='ocrx_word' id='word_1_294' title='bbox 748 4145 862 4201; x_wconf 87' lang='lat' dir='ltr'><strong>Asinius</strong></span> <span class='ocrx_word' id='word_1_295' title='bbox 881 4145 977 4201; x_wconf 81' lang='lat' dir='ltr'><strong>Callus</strong></span> <span class='ocrx_word' id='word_1_296' title='bbox 998 4151 1102 4215; x_wconf 89' lang='lat' dir='ltr'><strong>orator,</strong></span> <span class='ocrx_word' id='word_1_297' title='bbox 1128 4147 1216 4202; x_wconf 87' lang='lat' dir='ltr'><strong>Asinii</strong></span> <span class='ocrx_word' id='word_1_298' title='bbox 1236 4148 1370 4204; x_wconf 88' lang='lat' dir='ltr'><strong>Pollionis</strong></span> <span class='ocrx_word' id='word_1_299' title='bbox 1388 4152 1478 4219; x_wconf 89' lang='lat' dir='ltr'><strong>filius,</strong></span> <span class='ocrx_word' id='word_1_300' title='bbox 1498 4155 1547 4222; x_wconf 88' lang='lat' dir='ltr'><strong>qui</strong></span> 
     </span>
     <span class='ocr_line' id='line_1_32' title="bbox 272 4216 1547 4290; baseline 0.005 -17"><span class='ocrx_word' id='word_1_301' title='bbox 272 4221 336 4273; x_wconf 90' lang='lat' dir='ltr'><strong>ante</strong></span> <span class='ocrx_word' id='word_1_302' title='bbox 357 4236 453 4273; x_wconf 86' lang='lat' dir='ltr'><strong>omnes</strong></span> <span class='ocrx_word' id='word_1_303' title='bbox 471 4236 492 4274; x_wconf 89' lang='lat' dir='ltr'><strong>e.</strong></span> <span class='ocrx_word' id='word_1_304' title='bbox 507 4216 531 4288; x_wconf 72' lang='lat' dir='ltr'><strong>q&#39;.</strong></span> <span class='ocrx_word' id='word_1_305' title='bbox 545 4236 566 4275; x_wconf 85' lang='lat' dir='ltr'><strong>a.</strong></span> <span class='ocrx_word' id='word_1_306' title='bbox 587 4220 698 4274; x_wconf 80' lang='lat' dir='ltr'><strong>Daniel.</strong></span> <span class='ocrx_word' id='word_1_307' title='bbox 735 4220 769 4286; x_wconf 75' lang='lat' dir='ltr'><strong>cs.</strong></span> <span class='ocrx_word' id='word_1_308' title='bbox 789 4220 869 4273; x_wconf 80' lang='lat' dir='ltr'><strong>schol.</strong></span> <span class='ocrx_word' id='word_1_309' title='bbox 891 4220 973 4274; x_wconf 82' lang='lat' dir='ltr'><strong>Bcrn.</strong></span> <span class='ocrx_word' id='word_1_310' title='bbox 1001 4222 1011 4289; x_wconf 96' lang='grc'><strong>11</strong></span> <span class='ocrx_word' id='word_1_311' title='bbox 1036 4226 1051 4273; x_wconf 80' lang='lat'>2</span> <span class='ocrx_word' id='word_1_312' title='bbox 1076 4219 1130 4273; x_wconf 89' lang='lat' dir='ltr'><strong>fuit</strong></span> <span class='ocrx_word' id='word_1_313' title='bbox 1153 4237 1203 4274; x_wconf 85' lang='lat' dir='ltr'><strong>om.</strong></span> <span class='ocrx_word' id='word_1_314' title='bbox 1224 4222 1251 4273; x_wconf 87' lang='lat' dir='ltr'><strong>A</strong></span> <span class='ocrx_word' id='word_1_315' title='bbox 1278 4221 1288 4289; x_wconf 93' lang='grc'><strong>11</strong></span> <span class='ocrx_word' id='word_1_316' title='bbox 1315 4223 1501 4290; x_wconf 78' lang='lat' dir='ltr'><strong>4chyderidc</strong></span> <span class='ocrx_word' id='word_1_317' title='bbox 1520 4226 1547 4280; x_wconf 91' lang='lat' dir='ltr'><em>B</em></span> 
     </span>
     <span class='ocr_line' id='line_1_33' title="bbox 271 4290 1542 4362; baseline 0.007 -18"><span class='ocrx_word' id='word_1_318' title='bbox 271 4290 408 4345; x_wconf 81' lang='lat' dir='ltr'><strong>clritcride</strong></span> <span class='ocrx_word' id='word_1_319' title='bbox 432 4290 496 4344; x_wconf 77' lang='lat' dir='ltr'><strong>PH</strong></span> <span class='ocrx_word' id='word_1_320' title='bbox 510 4293 519 4359; x_wconf 90' lang='grc'><strong>1</strong></span> <span class='ocrx_word' id='word_1_321' title='bbox 538 4291 644 4359; x_wconf 89' lang='lat' dir='ltr'><strong>primus</strong></span> <span class='ocrx_word' id='word_1_322' title='bbox 662 4290 690 4344; x_wconf 92' lang='grc' dir='ltr'>Β</span> <span class='ocrx_word' id='word_1_323' title='bbox 726 4291 845 4359; x_wconf 88' lang='lat' dir='ltr'><strong>primum</strong></span> <span class='ocrx_word' id='word_1_324' title='bbox 864 4292 891 4344; x_wconf 85' lang='lat' dir='ltr'><strong><em>L</em></strong></span> <span class='ocrx_word' id='word_1_325' title='bbox 904 4293 943 4359; x_wconf 83' lang='grc'><strong>15</strong></span> <span class='ocrx_word' id='word_1_326' title='bbox 963 4291 1061 4345; x_wconf 86' lang='lat' dir='ltr'><strong>amicis</strong></span> <span class='ocrx_word' id='word_1_327' title='bbox 1083 4293 1128 4360; x_wconf 84' lang='lat' dir='ltr'><strong>L]</strong></span> <span class='ocrx_word' id='word_1_328' title='bbox 1142 4291 1323 4360; x_wconf 86' lang='lat' dir='ltr'><strong>suspitionem</strong></span> <span class='ocrx_word' id='word_1_329' title='bbox 1344 4294 1379 4348; x_wconf 90' lang='lat' dir='ltr'><em>H</em></span> <span class='ocrx_word' id='word_1_330' title='bbox 1393 4297 1402 4362; x_wconf 91' lang='grc'><strong>1</strong></span> <span class='ocrx_word' id='word_1_331' title='bbox 1421 4302 1435 4350; x_wconf 80' lang='lat' dir='ltr'><strong>‘l</strong></span> <span class='ocrx_word' id='word_1_332' title='bbox 1456 4297 1542 4353; x_wconf 87' lang='lat' dir='ltr'><strong>nt...</strong></span> 
     </span>
     <span class='ocr_line' id='line_1_34' title="bbox 272 4361 1547 4433; baseline 0.005 -18"><span class='ocrx_word' id='word_1_333' title='bbox 272 4361 393 4433; x_wconf 82' lang='lat' dir='ltr'><strong>teneret]</strong></span> <span class='ocrx_word' id='word_1_334' title='bbox 420 4364 450 4415; x_wconf 89' lang='lat' dir='ltr'><strong>ut</strong></span> <span class='ocrx_word' id='word_1_335' title='bbox 474 4362 566 4431; x_wconf 86' lang='lat' dir='ltr'><strong>quarti</strong></span> <span class='ocrx_word' id='word_1_336' title='bbox 586 4361 651 4416; x_wconf 91' lang='lat' dir='ltr'><strong>libri</strong></span> <span class='ocrx_word' id='word_1_337' title='bbox 669 4361 862 4432; x_wconf 85' lang='lat' dir='ltr'><strong>georgicorum</strong></span> <span class='ocrx_word' id='word_1_338' title='bbox 882 4361 1018 4417; x_wconf 87' lang='lat' dir='ltr'><strong>medietas</strong></span> <span class='ocrx_word' id='word_1_339' title='bbox 1039 4364 1181 4432; x_wconf 87' lang='lat' dir='ltr'><strong>postrema</strong></span> <span class='ocrx_word' id='word_1_340' title='bbox 1199 4363 1257 4417; x_wconf 91' lang='lat' dir='ltr'><strong>cius</strong></span> <span class='ocrx_word' id='word_1_341' title='bbox 1277 4365 1373 4420; x_wconf 88' lang='lat' dir='ltr'><strong>laudes</strong></span> <span class='ocrx_word' id='word_1_342' title='bbox 1391 4367 1547 4422; x_wconf 86' lang='lat' dir='ltr'><strong>contineret</strong></span> 
     </span>
     <span class='ocr_line' id='line_1_35' title="bbox 272 4430 1546 4507; baseline 0.005 -21"><span class='ocrx_word' id='word_1_343' title='bbox 272 4434 299 4487; x_wconf 80' lang='lat' dir='ltr'><strong>n</strong></span> <span class='ocrx_word' id='word_1_344' title='bbox 314 4434 323 4502; x_wconf 94' lang='grc'><strong>11</strong></span> <span class='ocrx_word' id='word_1_345' title='bbox 337 4432 544 4504; x_wconf 82' lang='lat' dir='ltr'><strong>georgicorum]</strong></span> <span class='ocrx_word' id='word_1_346' title='bbox 563 4430 635 4486; x_wconf 89' lang='lat' dir='ltr'><strong>liber</strong></span> <span class='ocrx_word' id='word_1_347' title='bbox 652 4435 717 4489; x_wconf 84' lang='lat' dir='ltr'><strong>add.</strong></span> <span class='ocrx_word' id='word_1_348' title='bbox 736 4433 764 4489; x_wconf 88' lang='lat' dir='ltr'><strong>A</strong></span> <span class='ocrx_word' id='word_1_349' title='bbox 782 4437 791 4502; x_wconf 93' lang='grc'><strong>11</strong></span> <span class='ocrx_word' id='word_1_350' title='bbox 810 4441 825 4486; x_wconf 75' lang='lat' dir='ltr'><strong>‘l</strong></span> <span class='ocrx_word' id='word_1_351' title='bbox 845 4436 1030 4488; x_wconf 88' lang='lat' dir='ltr'><strong>commutaret</strong></span> <span class='ocrx_word' id='word_1_352' title='bbox 1048 4434 1148 4488; x_wconf 79' lang='grc' dir='ltr'><strong>ΑΒΗ</strong></span> <span class='ocrx_word' id='word_1_353' title='bbox 1163 4436 1171 4502; x_wconf 94' lang='grc'><strong>11</strong></span> <span class='ocrx_word' id='word_1_354' title='bbox 1192 4441 1224 4489; x_wconf 91' lang='grc'><strong>10</strong></span> <span class='ocrx_word' id='word_1_355' title='bbox 1242 4435 1395 4507; x_wconf 65' lang='grc'><strong>1011111111</strong></span> <span class='ocrx_word' id='word_1_356' title='bbox 1414 4439 1484 4507; x_wconf 74' lang='lat' dir='ltr'><strong>(area</strong></span> <span class='ocrx_word' id='word_1_357' title='bbox 1503 4440 1546 4494; x_wconf 72' lang='lat' dir='ltr'><strong>zit-</strong></span> 
     </span>
     <span class='ocr_line' id='line_1_36' title="bbox 271 4503 1546 4581; baseline 0.003 -23"><span class='ocrx_word' id='word_1_358' title='bbox 271 4511 331 4559; x_wconf 81' lang='lat' dir='ltr'><strong>tcra</strong></span> <span class='ocrx_word' id='word_1_359' title='bbox 349 4507 445 4571; x_wconf 78' lang='lat' dir='ltr'><strong>deletu)</strong></span> <span class='ocrx_word' id='word_1_360' title='bbox 465 4505 493 4558; x_wconf 90' lang='lat' dir='ltr'><strong>A</strong></span> <span class='ocrx_word' id='word_1_361' title='bbox 532 4503 657 4559; x_wconf 89' lang='lat' dir='ltr'><strong>uolumni</strong></span> <span class='ocrx_word' id='word_1_362' title='bbox 674 4506 738 4558; x_wconf 90' lang='lat' dir='ltr'><strong>BP</strong></span> <span class='ocrx_word' id='word_1_363' title='bbox 772 4506 942 4559; x_wconf 85' lang='lat' dir='ltr'><strong>uoluminiae</strong></span> <span class='ocrx_word' id='word_1_364' title='bbox 961 4506 986 4558; x_wconf 88' lang='lat' dir='ltr'><em>L</em></span> <span class='ocrx_word' id='word_1_365' title='bbox 1013 4508 1022 4575; x_wconf 95' lang='grc'><strong>11</strong></span> <span class='ocrx_word' id='word_1_366' title='bbox 1054 4512 1083 4559; x_wconf 88' lang='grc'><strong>13</strong></span> <span class='ocrx_word' id='word_1_367' title='bbox 1103 4505 1309 4578; x_wconf 84' lang='lat' dir='ltr'><strong>georgicorum]</strong></span> <span class='ocrx_word' id='word_1_368' title='bbox 1330 4508 1394 4562; x_wconf 85' lang='lat' dir='ltr'><strong>libri</strong></span> <span class='ocrx_word' id='word_1_369' title='bbox 1413 4511 1477 4564; x_wconf 77' lang='lat' dir='ltr'><strong>adu.</strong></span> <span class='ocrx_word' id='word_1_370' title='bbox 1499 4510 1527 4562; x_wconf 89' lang='lat' dir='ltr'><em>P</em></span> <span class='ocrx_word' id='word_1_371' title='bbox 1536 4512 1546 4581; x_wconf 93' lang='grc'><strong>11</strong></span> 
     </span>
     <span class='ocr_line' id='line_1_37' title="bbox 273 4575 1546 4649; baseline 0.005 -20"><span class='ocrx_word' id='word_1_372' title='bbox 273 4583 307 4630; x_wconf 86' lang='grc'><strong>14</strong></span> <span class='ocrx_word' id='word_1_373' title='bbox 326 4576 355 4629; x_wconf 91' lang='lat' dir='ltr'><strong>in</strong></span> <span class='ocrx_word' id='word_1_374' title='bbox 374 4575 450 4645; x_wconf 86' lang='lat' dir='ltr'><strong>gallo</strong></span> <span class='ocrx_word' id='word_1_375' title='bbox 469 4576 531 4630; x_wconf 81' lang='lat' dir='ltr'><strong>Lu:</strong></span> <span class='ocrx_word' id='word_1_376' title='bbox 551 4575 628 4644; x_wconf 85' lang='lat' dir='ltr'><strong>gallo</strong></span> <span class='ocrx_word' id='word_1_377' title='bbox 647 4577 778 4631; x_wconf 90' lang='lat' dir='ltr'><strong>ABPH</strong></span> <span class='ocrx_word' id='word_1_378' title='bbox 802 4576 871 4644; x_wconf 89' lang='lat' dir='ltr'><strong>galli</strong></span> <span class='ocrx_word' id='word_1_379' title='bbox 890 4577 989 4645; x_wconf 78' lang='grc'><strong>111115</strong></span> <span class='ocrx_word' id='word_1_380' title='bbox 1009 4594 1026 4630; x_wconf 92' lang='lat' dir='ltr'><strong>a</strong></span> <span class='ocrx_word' id='word_1_381' title='bbox 1045 4583 1123 4646; x_wconf 83' lang='lat' dir='ltr'><strong>parte</strong></span> <span class='ocrx_word' id='word_1_382' title='bbox 1144 4578 1178 4632; x_wconf 89' lang='lat' dir='ltr'><em>H</em></span> <span class='ocrx_word' id='word_1_383' title='bbox 1203 4596 1236 4631; x_wconf 83' lang='lat' dir='ltr'><strong>cx</strong></span> <span class='ocrx_word' id='word_1_384' title='bbox 1256 4581 1449 4649; x_wconf 81' lang='lat' dir='ltr'><strong>partcR]20</strong></span> <span class='ocrx_word' id='word_1_385' title='bbox 1468 4599 1546 4649; x_wconf 88' lang='lat' dir='ltr'><strong>prae-</strong></span> 
     </span>
     <span class='ocr_line' id='line_1_38' title="bbox 272 4646 1547 4721; baseline 0.004 -19"><span class='ocrx_word' id='word_1_386' title='bbox 272 4650 328 4702; x_wconf 87' lang='lat' dir='ltr'><strong>stet</strong></span> <span class='ocrx_word' id='word_1_387' title='bbox 346 4649 442 4719; x_wconf 61' lang='grc'><strong>111111</strong></span> <span class='ocrx_word' id='word_1_388' title='bbox 464 4648 558 4703; x_wconf 91' lang='lat' dir='ltr'><strong>dicens</strong></span> <span class='ocrx_word' id='word_1_389' title='bbox 578 4664 627 4703; x_wconf 78' lang='lat' dir='ltr'><strong>ora.</strong></span> <span class='ocrx_word' id='word_1_390' title='bbox 647 4647 745 4717; x_wconf 74' lang='lat' dir='ltr'><strong>All22</strong></span> <span class='ocrx_word' id='word_1_391' title='bbox 765 4647 864 4719; x_wconf 89' lang='lat' dir='ltr'><strong>etiam]</strong></span> <span class='ocrx_word' id='word_1_392' title='bbox 884 4665 947 4701; x_wconf 91' lang='lat' dir='ltr'><strong>cum</strong></span> <span class='ocrx_word' id='word_1_393' title='bbox 966 4646 1037 4703; x_wconf 88' lang='lat' dir='ltr'><strong>dicit</strong></span> <span class='ocrx_word' id='word_1_394' title='bbox 1055 4650 1117 4704; x_wconf 79' lang='lat' dir='ltr'><strong>add.</strong></span> <span class='ocrx_word' id='word_1_395' title='bbox 1138 4649 1189 4718; x_wconf 86' lang='lat' dir='ltr'><strong>R]</strong></span> <span class='ocrx_word' id='word_1_396' title='bbox 1208 4655 1241 4703; x_wconf 80' lang='lat'><strong>23</strong></span> <span class='ocrx_word' id='word_1_397' title='bbox 1260 4650 1370 4704; x_wconf 86' lang='lat' dir='ltr'><strong>tcocriti</strong></span> <span class='ocrx_word' id='word_1_398' title='bbox 1389 4652 1488 4721; x_wconf 79' lang='lat' dir='ltr'><strong>B]24</strong></span> <span class='ocrx_word' id='word_1_399' title='bbox 1507 4653 1547 4707; x_wconf 91' lang='lat' dir='ltr'><strong>la-</strong></span> 
     </span>
     <span class='ocr_line' id='line_1_39' title="bbox 272 4717 1546 4791; baseline 0.007 -20"><span class='ocrx_word' id='word_1_400' title='bbox 272 4719 413 4774; x_wconf 87' lang='lat' dir='ltr'><strong>tinitatem</strong></span> <span class='ocrx_word' id='word_1_401' title='bbox 427 4764 432 4776; x_wconf 93' lang='lat'>.</span> <span class='ocrx_word' id='word_1_402' title='bbox 444 4764 450 4776; x_wconf 91' lang='lat'><strong>.</strong></span> <span class='ocrx_word' id='word_1_403' title='bbox 462 4736 498 4776; x_wconf 79' lang='lat' dir='ltr'><strong>‚a</strong></span> <span class='ocrx_word' id='word_1_404' title='bbox 516 4720 570 4773; x_wconf 90' lang='lat' dir='ltr'><strong>fine</strong></span> <span class='ocrx_word' id='word_1_405' title='bbox 589 4736 639 4774; x_wconf 86' lang='lat' dir='ltr'><strong>om.</strong></span> <span class='ocrx_word' id='word_1_406' title='bbox 659 4720 698 4785; x_wconf 86' lang='lat' dir='ltr'><strong>L,</strong></span> <span class='ocrx_word' id='word_1_407' title='bbox 716 4722 748 4773; x_wconf 82' lang='lat' dir='ltr'><strong>ia</strong></span> <span class='ocrx_word' id='word_1_408' title='bbox 766 4736 851 4788; x_wconf 70' lang='lat' dir='ltr'><strong>usurp.</strong></span> <span class='ocrx_word' id='word_1_409' title='bbox 871 4721 934 4774; x_wconf 81' lang='lat' dir='ltr'><strong>add.</strong></span> <span class='ocrx_word' id='word_1_410' title='bbox 954 4724 968 4773; x_wconf 77' lang='grc' dir='ltr'><strong><em>λ</em></strong></span> <span class='ocrx_word' id='word_1_411' title='bbox 987 4723 1048 4789; x_wconf 77' lang='grc'><strong>1125</strong></span> <span class='ocrx_word' id='word_1_412' title='bbox 1069 4738 1085 4773; x_wconf 87' lang='lat' dir='ltr'><strong>a</strong></span> <span class='ocrx_word' id='word_1_413' title='bbox 1104 4721 1170 4791; x_wconf 88' lang='lat' dir='ltr'><strong>fine]</strong></span> <span class='ocrx_word' id='word_1_414' title='bbox 1189 4717 1338 4786; x_wconf 75' lang='grc' dir='ltr'><strong><em>Ἀρέθουσα</em></strong></span> <span class='ocrx_word' id='word_1_415' title='bbox 1358 4725 1420 4779; x_wconf 74' lang='lat' dir='ltr'><strong>rutil.</strong></span> <span class='ocrx_word' id='word_1_416' title='bbox 1441 4724 1546 4780; x_wconf 81' lang='lat' dir='ltr'><strong>Mosai-</strong></span> 
     </span>
     <span class='ocr_line' id='line_1_40' title="bbox 273 4785 1549 4862; baseline 0.005 -18"><span class='ocrx_word' id='word_1_417' title='bbox 273 4791 331 4844; x_wconf 81' lang='lat' dir='ltr'><strong>cius</strong></span> <span class='ocrx_word' id='word_1_418' title='bbox 350 4792 411 4860; x_wconf 78' lang='grc'><strong>1126</strong></span> <span class='ocrx_word' id='word_1_419' title='bbox 431 4795 460 4845; x_wconf 87' lang='lat' dir='ltr'><strong>et</strong></span> <span class='ocrx_word' id='word_1_420' title='bbox 479 4787 607 4861; x_wconf 76' lang='grc' dir='ltr'><strong><em>Κρέουσα</em></strong></span> <span class='ocrx_word' id='word_1_421' title='bbox 627 4807 676 4846; x_wconf 83' lang='lat' dir='ltr'><strong>om.</strong></span> <span class='ocrx_word' id='word_1_422' title='bbox 697 4791 722 4844; x_wconf 85' lang='lat' dir='ltr'><em>L</em></span> <span class='ocrx_word' id='word_1_423' title='bbox 740 4793 749 4862; x_wconf 94' lang='grc'><strong>11</strong></span> <span class='ocrx_word' id='word_1_424' title='bbox 768 4785 898 4860; x_wconf 81' lang='grc' dir='ltr'><strong><em>Κρέουσα</em></strong></span> <span class='ocrx_word' id='word_1_425' title='bbox 917 4791 1083 4847; x_wconf 68' lang='lat' dir='ltr'><strong>Massicus:</strong></span> <span class='ocrx_word' id='word_1_426' title='bbox 1103 4808 1227 4846; x_wconf 86' lang='lat' dir='ltr'><strong>creusam</strong></span> <span class='ocrx_word' id='word_1_427' title='bbox 1245 4791 1375 4849; x_wconf 83' lang='lat' dir='ltr'><strong>ABHR</strong></span> <span class='ocrx_word' id='word_1_428' title='bbox 1403 4811 1501 4852; x_wconf 88' lang='lat' dir='ltr'><strong>creusa</strong></span> <span class='ocrx_word' id='word_1_429' title='bbox 1521 4797 1549 4851; x_wconf 89' lang='lat' dir='ltr'><strong><em>P</em></strong></span> 
     </span>
    </p>
   </div>
   <div class='ocr_carea' id='block_1_8' title="bbox 0 0 1695 5430">
    <p class='ocr_par' dir='ltr' id='par_1_12' title="bbox 0 0 1695 5430">
     <span class='ocr_line' id='line_1_41' title="bbox 0 0 1695 5430; baseline 0 0"><span class='ocrx_word' id='word_1_430' title='bbox 0 0 1695 5430; x_wconf 95' lang='lat' dir='ltr'><strong> </strong></span> 
     </span>
    </p>
   </div>
  </div>
 </body>
</html>
