3354 5430
725 362 940 418 PRAEFATIO.
1429 366 1468 420 XI

194 524 347 590 damnum
376 526 484 610 aliqua
512 549 551 591 ex
578 530 671 611 parte
694 527 759 591 illis
784 527 917 592 scholiis
941 528 1175 613 resarcinatur,
1208 551 1289 615 quae
1313 527 1469 594 Serviano

194 633 228 697 in
252 633 405 718 georgica
429 635 660 699 commentario
683 635 717 698 in
736 635 843 700 codice
857 634 1048 727 Vaticano
1068 637 1153 701 3317
1174 634 1236 722 (V)
1257 637 1365 701 addita
1385 640 1469 701 sunt.

193 739 293 803 habet
317 740 344 803 is
369 739 461 824 liber,
485 743 540 825 qui
565 742 644 805 olim
667 741 832 807 Francisci
856 742 963 806 Filelfi
986 742 1049 806 fuit
1060 742 1095 828 ¹),
1118 741 1286 807 LXXXIX
1309 744 1467 808 membra·

193 869 252 910 nas
280 846 406 911 formae
435 847 608 932 maximae,
635 852 763 933 praeter
792 852 940 930 quartam
965 852 998 911 et
1022 848 1168 931 quintam
1194 850 1320 914 saeculo
1345 850 1470 915 decimo

192 954 245 1018 vel
268 951 438 1017 undecimo
463 953 704 1039 langobardicis
722 954 841 1017 litteris
862 954 1009 1038 scriptas.
1037 954 1190 1021 foliorum
1208 958 1291 1021 1—3
1307 957 1470 1042 scriptura

194 1082 296 1144 paene
320 1063 392 1123 tota
416 1060 522 1125 deleta
546 1064 609 1146 est,
642 1065 678 1124 ut
701 1082 862 1145 perpauca
886 1061 995 1145 legere
1020 1063 1196 1144 potuerim:
1234 1086 1316 1148 quae
1341 1064 1470 1147 quidem

194 1168 234 1230 ad
267 1168 370 1232 vitam
398 1166 538 1253 Vergilii
570 1168 733 1253 pertinere
766 1168 966 1232 videbantur.
1014 1169 1101 1233 foliis
1133 1171 1155 1232 4
1187 1175 1220 1234 et
1252 1171 1286 1255 5,
1318 1170 1470 1236 inferiore

193 1277 300 1338 aetate
324 1273 469 1357 scriptis,
498 1273 600 1338 Servii
632 1274 673 1338 ad
697 1274 842 1338 bucolica
864 1275 1024 1358 praefatio
1049 1280 1082 1339 et
1104 1276 1139 1339 in
1161 1276 1298 1361 primam
1324 1277 1469 1363 eclogam

193 1381 460 1464 commutarim,
493 1381 580 1445 foliis
605 1382 724 1446 6-26
749 1378 905 1445 Serviane
928 1382 963 1444 in
985 1383 1056 1447 buc.
1079 1382 1197 1447 Π-Χ
1222 1384 1344 1448 scholia
1368 1387 1469 1450 eonti-

191 1492 319 1554 nentur.
354 1489 394 1554 ad
414 1487 446 1552 ΙΙ
468 1489 584 1570 1-10,
607 1495 644 1552 ut
666 1488 700 1552 in
724 1489 839 1552 ceteris
864 1486 967 1553 Servii
990 1489 1083 1579 libris
1107 1490 1279 1575 plerisque,
1303 1491 1469 1577 Filargirii

193 1597 451 1680 explanationem
476 1596 673 1678 adscriptam
699 1618 768 1659 esse
793 1595 873 1679 vidi,
904 1595 941 1659 de
966 1596 1250 1663 lemovicensibus
1279 1598 1320 1662 ad
1342 1597 1470 1663 IV—X

191 1703 336 1787 scholiis,
360 1707 417 1768 aut
440 1704 478 1768 de
498 1704 565 1767 illis
586 1725 667 1787 quae
687 1703 867 1768 Politianus
887 1726 904 1766 e
924 1703 1140 1771 Laurentiano
1159 1707 1212 1791 45,
1224 1708 1266 1770 14
1290 1705 1470 1790 exscripsit,

191 1810 274 1875 nihil
297 1811 413 1876 inveni.
461 1810 630 1875 contrairi
655 1812 879 1896 georgicorum
905 1811 1150 1893 commentario,
1176 1813 1231 1896 qui
1255 1813 1287 1876 in
1310 1811 1399 1876 foliis
1425 1814 1467 1877 27

196 1915 294 1981 -861’
319 1921 421 2000 extat,
456 1915 634 2000 Servianis,
667 1921 703 1981 ut
727 1917 806 2001 dixi,
839 1918 945 1982 aliena
973 1918 1020 1981 ita
1049 1918 1159 1983 addita
1187 1923 1277 2002 sunt,
1306 1923 1343 1983 ut
1366 1941 1469 2002 pauca

192 2024 397 2109 grammatici
426 2024 531 2089 verbis
560 2025 612 2089 vel
640 2024 762 2088 inserta
789 2025 842 2089 vel
872 2025 1010 2106 adiecta,
1040 2026 1135 2110 longe
1158 2026 1300 2111 plurima
1329 2031 1358 2090 et
1378 2027 1470 2091 al'ter

195 2130 391 2214 interposito
415 2132 456 2195 ab
481 2132 526 2196 eis
550 2136 702 2216 separata
727 2132 800 2196 sint.
845 2131 926 2196 haec
949 2132 1074 2215 primus
1098 2132 1198 2198 edidit
1221 2133 1354 2197 Fulvius
1378 2133 1468 2198 Vrsi-

195 2260 255 2301 nus
279 2238 402 2303 Romae
428 2264 454 2304 a.
481 2239 564 2304 1587
593 2239 627 2303 in
651 2240 736 2304 libro
762 2239 981 2322 miscellane0‚
1005 2239 1094 2304 cuius
1118 2239 1197 2304 haec
1221 2245 1271 2305 est
1298 2240 1468 2323 inscriptio

193 2342 323 2432 uernat
349 2368 400 2410 Aa.
424 2369 459 2409 n.
484 2368 632 2411 6666666
654 2346 659 2424 l
684 2368 719 2410 M.
751 2346 947 2430 6666666661
974 2369 1000 2410 r.
1032 2369 1247 2412 corruerem
1268 2347 1273 2430 Ι
1297 2349 1333 2411 de
1360 2369 1393 2411 re
1420 2368 1471 2411 ru·

192 2455 269 2517 stica
297 2453 302 2536 Ι
332 2475 383 2525 Aa.
411 2475 546 2517 666666.
575 2475 740 2518 66366666
769 2476 1000 2519 6666666666
1021 2452 1025 2537 l
1050 2460 1078 2518 et
1099 2460 1208 2519 ueteres
1231 2455 1445 2536 inscriptiones

190 2561 342 2624 Fratrum
365 2561 533 2624 Arvalium
557 2566 561 2639 Ι
587 2581 701 2626 rrrrrs
726 2583 967 2626 rurrxraxmrs
990 2565 994 2639 Ι
1019 2563 1053 2625 in
1080 2561 1231 2626 Bucolica
1257 2566 1286 2625 et
1314 2560 1464 2642 Georpiea

196 2668 323 2750 Verpilii
343 2670 347 2752 l
367 2691 472 2733 66666
491 2669 495 2752 l
516 2670 569 2733 Ad
590 2668 731 2733 Seruirrm
754 2672 788 2733 in
811 2670 919 2734 Bucol.
945 2668 1052 2751 Georp.
1075 2673 1104 2732 et
1125 2669 1250 2733 Aeneid.
1280 2668 1361 2750 Virp.
1384 2666 1389 2752 Ι
1413 2688 1465 2731 rr·

191 2797 262 2840 6663
291 2797 409 2840 rorans
435 2776 439 2857 l
466 2798 512 2840 aa
542 2798 785 2841 ornumornum
812 2777 816 2860 l
843 2776 898 2840 En
920 2775 1115 2841 Bibliotheca
1142 2774 1243 2839 Fului
1272 2774 1387 2839 Vrsini.
1432 2775 1466 2838 in

191 2883 332 2965 epistula
351 2882 391 2946 ad
407 2883 584 2946 Antonium
600 2881 750 2948 Oarafam
770 2883 966 2947 cardinalem
987 2882 1166 2966 praemissa
1184 2885 1359 2966 postquam
1378 2880 1465 2945 Iunii

189 2988 391 3074 Philargyrii
420 2990 460 3053 ad
487 2990 634 3055 bucolica
663 2994 696 3054 et
719 2989 871 3074 georgica
894 2988 1034 3073 Vergilii
1059 2988 1310 3054 commentarius
1335 2992 1371 3052 ut
1395 2989 1465 3052 ede-

191 3099 290 3178 retur,
314 3119 333 3159 a
356 3096 466 3160 multis
490 3120 591 3181 paene
616 3098 761 3162 convicio
785 3097 1003 3179 efflagitatum
1033 3118 1103 3160 esse
1128 3096 1222 3178 dixit,
1250 3095 1306 3160 fol.
1330 3096 1366 3160 5⁸
1392 3117 1467 3177 qnos

191 3203 317 3266 interim
340 3203 447 3288 inquit
471 3205 551 3270 illud
571 3207 743 3270 admonitos
765 3205 869 3286 uelim,
898 3203 989 3267 Iunii
1011 3203 1103 3288 tirius
1127 3202 1323 3285 Philarpprii
1345 3204 1467 3286 scripta,

190 3331 267 3391 quae
294 3312 330 3374 in
355 3313 532 3392 praesentia
559 3314 682 3391 damus,
716 3332 779 3376 non
801 3331 863 3375 esse
885 3311 943 3375 illa
966 3312 1087 3392 quidem
1110 3311 1264 3391 inteprum
1287 3315 1466 3374 commenta-

190 3419 274 3481 rium
302 3419 345 3482 ad
366 3418 517 3482 Bucolica
544 3424 572 3482 et
595 3419 744 3502 Georpieu
772 3419 911 3501 Virpilii,
935 3420 989 3483 sed
1009 3422 1148 3500 excerpta
1172 3422 1294 3481 tantum
1316 3419 1469 3499 quaedam

190 3546 227 3589 66
249 3547 280 3589 66
288 3547 298 3588 .·
331 3546 410 3606 quae
432 3546 501 3588 eum
524 3547 576 3608 epa
592 3528 734 3608 primum
758 3526 893 3607 lepissem
921 3526 1038 3601 inserta
1062 3525 1236 3606 frapmento
1267 3526 1469 3589 uetustissimo

191 3631 339 3696 Sunium
364 3630 458 3717 (quod
480 3632 553 3696 olim
577 3633 655 3697 milii
674 3633 784 3697 litteris
798 3631 1039 3714 Lanpohardicis
1061 3637 1222 3695 exaratum
1246 3633 1325 3696 dona
1347 3633 1471 3696 dedmat

191 3738 312 3804 Paulus
335 3740 503 3804 Manutius
529 3740 650 3819 fauente
673 3741 755 3804 Atdo
777 3736 859 3822 pilio)
882 3738 999 3802 nullius
1022 3744 1123 3802 autem
1146 3740 1325 3821 interposita
1349 3740 1472 3803 nomine

191 3847 324 3910 auctoris
351 3848 496 3924 discreta,
524 3848 577 3910 sed
601 3867 623 3909 a
646 3845 807 3910 ducianis
829 3844 1067 3926 expositionibus
1091 3849 1212 3909 tantum
1235 3844 1284 3908 tris
1307 3847 1388 3909 notis
1410 3846 1470 3910 dis-

191 3953 309 4030 iuncta,
341 3966 384 4016 ar
414 3974 532 4016 narrar
565 3951 642 4037 (qua
663 3953 803 4032 formula
809 4003 818 4036 ,
851 3953 885 4015 id
913 3957 957 4015 est
988 3948 1043 4014 nul
1071 3951 1193 4033 ἄλλως,
1226 3956 1356 4015 utuntur
1378 3953 1471 4015 etiam

192 4059 306 4123 Graeci
336 4061 380 4124 ud
409 4061 594 4124 indicandas
625 4061 848 4142 expositionum
878 4054 1056 4142 uarietates)
1089 4059 1262 4140 suspicatus
1300 4060 1469 4139 aliquando
1537 4096 1540 4100 -

190 4187 273 4244 sum,
296 4168 331 4231 id
351 4169 433 4248 qnod
453 4172 532 4250 erat,
559 4189 596 4232 ea
618 4169 733 4248 scripta
756 4188 819 4230 non
842 4187 902 4230 esse
924 4165 1169 4253 supplementum
1192 4167 1234 4229 ad
1255 4164 1410 4243 Seruium,
1435 4170 1471 4229 ut

191 4273 282 4337 multi
304 4274 520 4355 opinabantur,
543 4277 596 4339 sed
617 4277 861 4339 additamentum
882 4275 984 4355 potius
1006 4275 1161 4354 quoddam
1180 4275 1223 4337 ad
1239 4274 1305 4336 eius
1323 4293 1470 4337 cammen-

192 4381 316 4444 tarium.
364 4382 448 4462 Quae
480 4402 549 4446 cum
580 4383 743 4463 repererim
774 4382 881 4445 deinde
913 4381 947 4444 in
979 4381 1119 4462 marpine
1151 4381 1260 4444 codicis
1289 4379 1469 4463 Virpitiani,

283 4609 308 4676 1)
328 4608 356 4662 in
381 4608 450 4663 folio
474 4609 549 4664 enim
574 4625 731 4679 papyraceo
757 4607 924 4661 membranis
948 4608 1101 4678 praemisso
1126 4606 1239 4660 Fulvius
1258 4605 1374 4660 Vrsinus
1399 4607 1471 4661 hacc

195 4679 307 4748 scripsit
327 4681 464 4750 ‘Virgilio
490 4698 542 4735 con
562 4681 657 4735 Servio
681 4678 874 4734 antichissimo
899 4681 950 4734 che
973 4681 1003 4732 fu
1022 4679 1067 4733 del
1085 4677 1187 4731 Filelfo
1206 4677 1235 4730 in
1253 4695 1425 4747 pergamena
1443 4679 1471 4732 in

195 4752 291 4820 foglio.
320 4750 399 4805 Fulu.
419 4752 493 4806 Vrs'
524 4752 699 4807 conferantur
727 4751 813 4805 etiam
843 4767 913 4818 quae
942 4749 1109 4804 Henricus
1134 4747 1268 4802 Keilius
1298 4750 1431 4804 Zeitschr.
1451 4751 1471 4805 t.

194 4822 531 4878 Alterthumswissensch.
551 4828 618 4877 1848
638 4842 665 4893 p.
681 4827 732 4877 548
752 4822 786 4876 de
806 4823 859 4876 hoc
878 4821 974 4876 codice
994 4818 1159 4891 disputavit.
