3354 5430
250 364 314 434 132
824 366 945 425 snnvn

248 540 309 598 tate
331 536 372 600 sit
394 537 484 600 clieta
516 531 681 618 ‘plantem'
705 557 773 601 cero
797 535 940 601 ‘mutarit
961 535 1073 602 aristo'
1096 539 1143 630 ito
1165 537 1224 621 ait,
1247 543 1283 602 ut
1300 533 1415 622 ‘tapam
1427 537 1523 622 palu-

247 642 388 706 damento
411 641 566 707 ncutaait'.
634 665 815 716 Pocrceorn
836 666 988 709 rancores
1010 664 1169 709 Araneola
1191 665 1325 709 nesorrr
1343 647 1526 712 3313143133-

249 748 316 813 lous
332 749 445 813 Terrae
466 750 564 829 fecisse
585 750 671 832 filius
693 751 815 829 elicitur,
838 757 873 816 ut
893 753 968 816 solet
989 753 1025 816 cle
1047 752 1096 817 his
1119 752 1194 830 clici,
1216 772 1348 834 quorum
1367 773 1423 834 per
1441 755 1526 818 auti
1596 742 1599 747 ¹

247 856 394 936 quitatem
418 857 515 921 latent
534 862 684 939 parentes.
713 858 762 923 hic
784 881 852 924 cum
875 861 910 924 de
924 860 1115 942 Melpomene
1132 859 1190 942 uel,
1213 864 1249 923 ut
1264 860 1392 941 quitum
1409 861 1525 939 durrat,

212 985 228 1032 3
247 963 283 1026 de
306 961 441 1046 Calliope
463 985 553 1029 musa
575 966 695 1030 sirenas
717 965 831 1032 habais
847 966 933 1048 silias
951 967 1104 1031 amisisset
1121 970 1149 1030 ct
1166 986 1303 1030 maerore
1320 968 1526 1049 conficeretur,

247 1070 404 1135 amulium
426 1073 538 1136 matris
561 1074 675 1151 orarit,
698 1077 733 1136 ut
754 1073 813 1138 sihi
834 1074 901 1137 seni
923 1073 1022 1137 luctus
1044 1073 1211 1137 remedium
1228 1078 1410 1155 praestaret.
1446 1095 1527 1157 quae

246 1178 398 1243 miserans
419 1179 522 1260 {ilium
538 1179 705 1262 patefactis
727 1181 829 1244 aratris
851 1181 937 1244 intra
958 1201 990 1244 se
1012 1178 1125 1263 obruit,
1162 1179 1213 1243 cui
1234 1184 1343 1261 postea
1365 1185 1401 1245 ut
1415 1202 1526 1265 peren-

246 1305 316 1348 nem
336 1285 459 1365 famam
481 1288 618 1351 nominis
640 1288 739 1365 claret,
768 1288 801 1351 in
824 1287 962 1352 Aetolica
985 1287 1106 1369 reqioue
1127 1286 1260 1367 fluuium
1283 1287 1414 1352 eiusdem
1436 1309 1525 1353 voca·

247 1391 312 1455 luti
333 1394 420 1457 nasci
440 1392 528 1477 fecit,
549 1414 637 1475 qmm
660 1394 805 1458 nonnulli
827 1395 863 1458 de
885 1393 1000 1476 Pindo,
1023 1397 1124 1457 monte
1148 1392 1343 1476 Thessaliae,
1366 1395 1445 1458 oriri
1467 1395 1525 1459 aol-

196 1521 227 1569 10
246 1503 359 1562 serunt.
404 1501 486 1564 circa
512 1499 594 1564 hunc
621 1499 800 1584 Staphylus,
830 1499 922 1565 Oenei
945 1505 1062 1583 pastor,
1090 1520 1159 1564 crim
1189 1501 1456 1566 animaduertisset
1483 1522 1523 1567 er

247 1607 370 1687 capellis
396 1628 493 1671 unam
521 1627 582 1671 esse
607 1609 865 1693 pinquissimam,
896 1608 1046 1672 intelleuit
1072 1609 1108 1671 iol
1134 1608 1246 1690 pabuli
1277 1608 1411 1673 ubertate
1441 1609 1524 1691 pieri.

246 1717 363 1778 secutus
386 1715 488 1796 itaque
509 1716 636 1779 eandem
659 1736 728 1780 cum
750 1717 874 1780 rictisset
895 1716 964 1780 uris
985 1716 1076 1800 uesci,
1105 1716 1281 1780 admiratus
1303 1720 1332 1779 et
1357 1717 1524 1781 nouitatem

246 1824 275 1883 et
296 1820 496 1898 dulcedinem,
519 1823 689 1904 decerptum
710 1824 846 1904 fructum
864 1822 995 1905 pertulit
1015 1824 1088 1906 reqi.
1133 1823 1188 1905 qui
1210 1843 1280 1886 cum
1303 1823 1451 1904 liquorem
1472 1842 1524 1887 33-

241 1927 414 2007 pressisset,
437 1949 458 1991 a
480 1949 535 1993 suo
560 1931 682 1994 nomine
704 1930 871 2012 appellauit
893 1922 999 2012 οἶνον,
1022 1929 1061 1994 ab
1084 1932 1239 1994 inventore
1261 1929 1444 2013 σταφυλήν.
1471 1931 1527 1996 sal

196 2056 228 2103 13
248 2033 397 2099 Heraites
429 2055 498 2099 cum
525 2041 651 2118 propter
681 2058 808 2102 uuorem
839 2036 1028 2101 Deianiram
1060 2056 1128 2101 cum
1160 2035 1292 2101 Acheloo
1328 2036 1524 2121 contenderet,

246 2160 341 2205 cornu
364 2142 429 2207 eius
451 2163 549 2207 unum
569 2144 674 2227 freqit,
696 2145 777 2226 quod
794 2163 901 2226 praece
922 2140 1020 2228 κέρας
1042 2143 1164 2223 elicitur,
1186 2144 1267 2208 uncle
1289 2143 1413 2207 miscere
1429 2163 1524 2224 pomo

247 2247 312 2312 lum
335 2250 421 2331 apud
443 2248 577 2314 Graecos
599 2250 736 2336 κεράσαι
758 2252 880 2317 elicitur.
917 2251 970 2316 secl
990 2250 1041 2314 hic
1054 2249 1221 2314 Acheloum
1242 2269 1306 2314 nou
1324 2254 1448 2332 praeter
1470 2270 1522 2314 ra

247 2355 358 2418 tionem
385 2356 481 2421 dimit:
518 2378 606 2440 nam,
637 2359 717 2422 sicut
745 2357 882 2440 Orpheus
910 2359 1004 2442 docet,
1036 2361 1064 2421 et
1086 2355 1310 2438 Aristophanes
1336 2357 1468 2422 333333
1495 2361 1526 2421 et

245 2461 392 2544 Ephorus
414 2462 575 2529 historicus
599 2466 738 2547 tradunt,
767 2458 929 2552 Ἀχελῷον
953 2464 1136 2547 qeueraliter
1157 2469 1285 2547 propter
1309 2464 1524 2546 antiquitatem

193 2592 227 2640 20
244 2569 386 2649 fluminis
409 2591 527 2635 omnem
549 2592 664 2653 aquam
687 2577 796 2637 veteres
817 2572 971 2636 oocahant.
1000 2591 1068 2652 erqo
1090 2571 1165 2653 quia
1187 2570 1357 2653 specialiter
1371 2569 1523 2635 Achelous

247 2675 395 2743 Graeciae
416 2679 531 2759 numus
554 2680 678 2758 (liciter,
706 2685 762 2743 aut
782 2681 893 2764 species
914 2684 959 2744 est
975 2699 1035 2760 pro
1054 2698 1174 2762 qenere,
1196 2682 1254 2743 aut
1275 2678 1440 2742 smauclum
1462 2698 1519 2741 au·
1556 2711 1560 2717 ·

246 2784 417 2865 tiquitatem
440 2791 485 2850 est
507 2787 630 2851 locutus.

338 2893 386 2957 10.
423 2910 468 2956 nr
492 2909 558 2958 vos
581 2909 767 2958 Aennsnvn
790 2911 820 2957 r.
844 2911 876 2957 u.
898 2910 927 2956 n.
955 2892 987 2957 id
1016 2894 1066 2955 esi
1093 2889 1247 2976 propitia,
1280 2893 1317 2954 ut
1343 2912 1411 2955 nee
1441 2894 1521 2957 tam

245 3003 473 3082 praesentes
508 3000 604 3064 alibi
635 3021 870 3084 cognoscere
901 2999 1025 3084 divos,
1057 3020 1194 3082 quorum
1218 2997 1403 3081 praesentia
1427 2996 1521 3062 favor

192 3126 226 3174 25
247 3109 303 3169 est.
351 3111 384 3170 et
413 3106 495 3171 benc
526 3107 564 3170 de
597 3106 731 3171 diversis
761 3107 858 3171 rebus
889 3106 1031 3171 dicturus
1063 3104 1190 3169 diversa
1220 3103 1350 3168 invocat
1378 3102 1521 3169 numina.

244 3211 299 3276 hoc
316 3215 398 3277 euim
416 3219 444 3278 et
460 3215 496 3278 iu
513 3215 611 3280 saeris
627 3215 697 3296 pieri
714 3213 838 3292 solebat,
857 3219 893 3278 ut
910 3219 981 3296 post
997 3212 1143 3295 specialia
1161 3213 1204 3276 mi
1221 3231 1288 3275 eam
1306 3231 1383 3294 run,
1402 3213 1439 3276 ele
1456 3233 1520 3294 qua

244 3319 398 3401 epotator,
425 3321 567 3386 invocata
595 3321 729 3386 numina
751 3340 854 3385 omnes
876 3320 922 3384 oli·
944 3321 990 3384 ool
1011 3321 1084 3383 deae
1106 3318 1229 3399 cousrrse
1251 3318 1474 3383 invocarentur.

244 3447 442 3491 coruscam
465 3449 593 3493 nrnnm
616 3450 716 3493 mm
740 3425 907 3509 ‘praesmt'
934 3424 953 3509 ',
976 3427 1122 3508 qumiam
1144 3426 1290 3490 dicuutur
1311 3445 1405 3507 usque
1422 3427 1465 3490 mi
1480 3446 1519 3491 ea

245 3538 393 3618 tempora,
416 3534 525 3615 quihus
541 3535 605 3614 fuit
617 3535 763 3616 Faunus,
786 3534 841 3615 qui
863 3533 961 3597 {lictus
979 3537 1023 3597 est
1039 3554 1060 3596 a
1076 3532 1188 3615 fando,
1210 3532 1279 3595 uisa
1297 3550 1359 3596 esse
1376 3533 1519 3597 numina.

191 3663 225 3713 30
244 3642 373 3722 quietam
393 3640 509 3721 farinas
525 3646 644 3724 putant
664 3643 759 3706 dictos
781 3640 820 3705 ah
843 3661 889 3724 eo,
911 3641 992 3722 quod
1011 3639 1153 3722 fraqibus
1173 3639 1308 3718 faueant.
1345 3637 1470 3704 Cincius
1492 3644 1522 3704 et

244 3745 372 3813 Cassius
401 3750 494 3813 aiunt
521 3750 560 3813 ah
587 3749 740 3814 Dicmcdro
763 3749 913 3813 Faunum
942 3748 1031 3812 3333
1060 3746 1248 3830 appellatam
1276 3746 1402 3828 ideoque
1430 3747 1519 3812 aedes

336 3983 369 4032 17
390 3977 438 4032 sed
457 3978 504 4032 hic
515 4021 520 4034 .
532 4022 538 4034 .
550 3977 714 4048 accubent]
735 3976 768 4032 ef.
789 3976 911 4031 Maerob.
931 3976 987 4030 Sat.
1008 3976 1033 4030 V
1053 3974 1276 4044 18,4sqq.1123
1295 3990 1347 4028 nee
1366 3975 1517 4102 tumkbuc.

243 4048 256 4102 Ι
275 4055 308 4102 41
333 4050 342 4119 ΙΙ
366 4055 401 4104 30
420 4047 531 4104 Cincius
551 4053 580 4104 ct
599 4048 724 4120 Caesius]
744 4067 769 4118 p.
786 4055 857 4116 41‚1
879 4052 907 4102 et
925 4053 997 4117 36,1
1017 4045 1077 4101 Pet.
1100 4049 1111 4116 ΙΙ
1134 4052 1166 4100 31
1192 4046 1310 4114 ideoque
1322 4045 1421 4103 ...dic

242 4120 307 4176 leid.
327 4137 366 4174 or.
385 4119 436 4175 XV
455 4127 480 4189 4,
496 4126 512 4175 8

1452 4046 1464 4118 ]
1483 4047 1518 4103 u.

332 4342 345 4389 1
367 4338 465 4404 togam
483 4334 636 4389 Salmasius
657 4334 734 4389 Ptin.
753 4350 837 4388 euers.
853 4351 884 4403 p.
901 4338 951 4387 137
970 4333 1011 4386 D:
1036 4332 1125 4387 coium
1144 4333 1170 4385 L
1183 4333 1222 4402 [12
1243 4331 1374 4402 mutavit]
1394 4335 1432 4386 ut.
1453 4333 1517 4387 aad.

242 4409 345 4462 Daniel
367 4409 377 4477 ΙΙ
401 4404 525 4460 acheloic
545 4407 586 4473 L,
606 4424 673 4461 corr.
695 4405 876 4460 Commelinus
897 4405 907 4474 ΙΙ
930 4409 946 4457 5
965 4420 1045 4457 musa
1063 4421 1112 4459 om.
1132 4404 1236 4458 Daniel
1258 4406 1267 4472 ΙΙ
1290 4409 1306 4457 6
1326 4403 1418 4457 oreuic
1437 4402 1464 4456 L
1478 4403 1516 4472 {lt

242 4478 316 4533 intre
335 4495 363 4534 33
383 4478 478 4532 obruit
496 4477 612 4531 Daniel:
637 4478 756 4531 intrares
776 4475 871 4530 obruit
888 4475 915 4528 L
952 4493 990 4530 an
1008 4475 1131 4530 intruso
1150 4475 1274 4529 sorbuit?
1302 4477 1311 4544 ΙΙ
1339 4473 1517 4528 103313331-

242 4552 364 4604 verteret
383 4567 417 4604 ex
436 4547 528 4618 capris
547 4549 651 4603 Daniel
673 4551 682 4620 ΙΙ
707 4553 739 4602 11
758 4549 887 4602 ubertate
906 4547 1072 4602 Mauricius:
1091 4547 1222 4601 libertate
1241 4546 1268 4600 L
1282 4548 1291 4615 ΙΙ
1313 4550 1345 4599 12
1365 4545 1518 4600 admirelus

241 4620 268 4672 L
282 4623 291 4691 [Ι
305 4628 338 4676 13
357 4620 475 4691 protulit
493 4621 596 4675 Daniel
610 4622 619 4691 {l
634 4627 667 4674 14
686 4618 798 4674 vocavit
816 4619 919 4673 Daniel
933 4621 942 4688 ΙΙ
956 4634 1046 4673 oenon
1065 4620 1100 4673 ab
1120 4619 1256 4673 inventor.
1272 4617 1295 4671 ὅ.
1306 4616 1398 4685 asylen
1419 4616 1446 4670 L
1459 4619 1469 4687 fl
1484 4622 1517 4671 15

242 4691 400 4747 deiunerem
421 4694 447 4746 L
460 4695 470 4764 ΙΙ
485 4698 518 4746 16
538 4708 616 4746 ceres
635 4691 662 4744 L
676 4695 685 4762 ΙΙ
699 4691 784 4746 unde.
796 4734 802 4746 .
814 4689 931 4746 .dicitur
950 4707 999 4745 om.
1010 4690 1113 4744 Daniel
1126 4693 1136 4760 [Ι
1152 4694 1183 4743 17
1204 4704 1334 4743 caeturae
1354 4689 1380 4740 L
1394 4689 1403 4757 ΙΙ
1419 4695 1451 4742 19
1471 4706 1517 4743 eu·

240 4765 345 4887 {horus
363 4766 398 4832 L,
417 4781 486 4820 corr.
507 4762 687 4819 (lammelinus
700 4763 709 4833 ΙΙ
728 4762 864 4817 acheloon
882 4762 907 4814 L
944 4760 1098 4816 Acheloum
1117 4762 1222 4816 Daniel
1239 4763 1249 4833 ΙΙ
1267 4766 1302 4815 24
1320 4775 1451 4828 praesens
1470 4759 1518 4832 ΡΝ

252 4835 331 4906 aver]
351 4835 380 4889 id
399 4837 442 4889 est
460 4836 629 4891 adiutorium
648 4852 723 4906 supr.
743 4849 809 4890 cers.
828 4850 854 4887 m
