3354 5430
228 381 294 447 244
804 381 923 437 SERVII

228 547 312 630 <50>
340 547 493 630 dirime,
525 544 679 610 ‘scrobes'
703 546 874 610 masculini
902 551 977 610 sunt
1005 547 1144 630 generis:
1176 568 1253 609 nam
1276 549 1309 610 et
1332 543 1445 611 Cicero
1469 547 1503 609 iu

228 654 442 720 oeconomicis
467 655 513 719 sic
537 654 629 734 dicit,
653 657 686 717 et
709 652 845 716 Plautus
869 653 915 716 ait
938 673 1150 737 sexagenos
1174 652 1214 716 in
1234 653 1313 718 dies
1335 654 1503 718 scrobes.

227 762 333 825 minor
361 766 469 825 autem
496 764 545 825 est
574 760 696 824 Lucani
724 763 757 823 et
781 758 919 823 Gracchi
947 759 1138 823 auctoritas:
1176 780 1251 824 nam
1279 759 1427 825 Lucanus
1456 760 1503 824 ait

227 866 331 949 <VIII
356 867 441 948 756>
480 868 619 953 exigua
655 867 787 951 posuit
824 866 973 949 scrobe,
1011 864 1175 930 Gracchus
1213 867 1362 932 abunde
1394 867 1503 933 fossa

190 997 206 1044 5
226 974 379 1038 scrobis
403 979 477 1058 est,
501 975 587 1059 quod
611 975 795 1058 exemplum
818 974 852 1036 iu
875 972 1071 1038 Terentiano
1096 977 1154 1039 est.
1223 992 1316 1050 QVAE
1340 993 1420 1040 slur
1443 993 1502 1039 11-

226 1097 340 1145 811011
363 1080 534 1165 fastigium
557 1084 590 1144 et
614 1102 759 1145 summae
783 1086 816 1145 et
839 1081 923 1144 imae
947 1081 1051 1165 partis
1075 1102 1257 1163 possumus·
1271 1082 1389 1165 dicere,
1419 1082 1503 1147 sicut

203 1188 327 1251 altum
351 1192 384 1252 et
408 1210 496 1252 mare
520 1191 553 1252 et
576 1188 701 1252 caelum
725 1188 874 1251 dicimus:
910 1186 987 1251 hinc
1011 1191 1060 1250 est
1087 1188 1312 1272 caelumque
1341 1188 1501 1273 profun-

225 1293 323 1377 dum,
347 1317 421 1359 cum
444 1299 477 1358 et
500 1298 616 1379 puteus
640 1295 683 1358 sit
706 1294 895 1379 profundus.
933 1293 1083 1376 ‘fastigia’
1107 1296 1234 1376 infimas
1256 1296 1435 1361 altitudines
1456 1298 1502 1360 di·

223 1402 284 1483 m't,
313 1399 492 1467 ‘scrobcbus’
515 1423 576 1483 pro
604 1401 781 1466 humillima
807 1401 907 1466 scrobe
930 1403 1051 1484 poseat,
1080 1406 1116 1464 ut
1139 1401 1225 1484 <23>
1258 1402 1316 1466 bic
1343 1403 1502 1485 plantas

174 1532 205 1579 10
224 1512 345 1574 tenero
372 1510 563 1574 abscidens
585 1511 625 1573 de
647 1530 797 1591 corpore
819 1513 977 1573 matrum
1001 1509 1170 1590 deposuit
1196 1510 1313 1574 sulcis
1339 1515 1368 1574 et
1389 1529 1501 1574 rursus

225 1615 312 1699 <61>
344 1617 510 1681 omnibus
540 1621 593 1681 est
623 1616 726 1680 labor
755 1616 1019 1698 impendendus
1047 1620 1082 1678 et
1107 1636 1228 1680 omnes
1255 1618 1434 1699 cogendae
1462 1618 1502 1680 in

224 1723 366 1788 sulcum
389 1745 430 1788 ac
452 1725 569 1787 multa
591 1725 749 1788 mercede
770 1724 982 1788 domandae.

313 1831 386 1895 289.
423 1848 527 1896 Avslm
551 1852 648 1894 ausus
673 1831 749 1912 sim,
773 1830 905 1894 audebo.
998 1846 1107 1895 svnco
1130 1830 1246 1894 fossae.

312 1938 387 2002 291.
425 1955 599 2002 Ansovnvs
623 1955 659 2001 ru
685 1954 800 2001 rursus
825 1937 922 2000 arbor
947 1940 996 1999 est
1021 1935 1218 2021 glandifera:
1252 1959 1334 2021 quae
1358 1937 1435 2002 licet
1458 1937 1500 2002 ab

172 2065 205 2114 15
224 2066 281 2109 esu
305 2044 392 2108 dicta
416 2044 474 2128 sit,
496 2050 606 2108 tamen
632 2043 709 2108 ‘aes'
734 2066 791 2128 per
814 2042 875 2107 ‘ae'
900 2047 964 2126 est,
993 2044 1078 2108 sicut
1101 2050 1134 2108 et
1158 2043 1353 2128 ‘caelatum',
1381 2044 1457 2109 licet
1481 2068 1501 2110 a

224 2152 294 2216 celo
318 2152 438 2215 habeat
462 2150 705 2216 derivationem.

313 2260 387 2324 293.
423 2276 495 2323 nou
520 2276 657 2322 11111111
685 2259 747 2322 hoc
769 2280 888 2323 nomen
917 2261 1045 2323 tantum
1069 2259 1230 2342 pluralem
1252 2259 1369 2343 recipit
1390 2281 1500 2324 nume-

223 2388 304 2430 rum.
350 2367 391 2430 ab
416 2387 453 2430 00
477 2387 563 2447 vero,
588 2365 672 2448 quod
696 2370 746 2429 est
770 2364 935 2448 ‘flamina’,
959 2365 1099 2430 ‘flamen’
1123 2388 1295 2450 possumus
1320 2366 1499 2432 1110010111-

223 2478 274 2537 cet
298 2475 341 2538 sit
364 2472 533 2536 vitandum
558 2477 692 2557 propter
716 2473 815 2537 aliam
840 2473 1125 2558 significationem
1149 2496 1224 2537 narn
1244 2458 1363 2538 dicitur
1381 2472 1499 2538 flamen

171 2601 205 2648 10
224 2579 343 2664 Dialis,
371 2579 490 2644 flamen
518 2579 689 2643 Martialis.
735 2585 764 2642 ct
786 2580 893 2643 aliter:
922 2578 1050 2660 ‘flabra’
1074 2582 1227 2662 producta
1247 2583 1357 2664 pm'ma
1379 2581 1500 2663 syllaba

224 2688 389 2770 leuandum.

312 2795 386 2859 295.
422 2815 571 2857 0111100
596 2795 651 2858 diu
673 2796 806 2859 uiuendo.

312 2904 386 2967 299.
423 2919 587 2966 conrnvu
612 2918 699 2966 suan
724 2902 847 2966 radices
872 2902 957 2966 enim
981 2903 1049 2966 eius
1072 2907 1192 2967 nocent
1216 2902 1346 2967 ritibus.
1388 2910 1418 2968 et
1439 2904 1498 2968 ali-

223 3014 283 3074 ter:
306 3010 422 3091 emulos
444 3008 700 3091 antipharmacon
722 3030 783 3074 esse
805 3011 908 3093 aiunt,
930 3012 1012 3091 quod
1032 3010 1120 3089 infra
1142 3011 1341 3091 manifestam
1357 3010 1436 3090 facit
1452 3012 1499 3075 di·

169 3118 313 3183 ecanae
347 3116 454 3199 <396>
486 3118 524 3180 r'n
557 3117 704 3181 veribus
737 3117 955 3180 torrebimus
987 3122 1072 3181 eata
1103 3117 1284 3199 colrrrnr‘s,
1320 3116 1434 3182 calmet
1463 3120 1500 3182 ut

312 3281 326 3327 1
346 3274 478 3345 Plautus]
500 3274 639 3343 Amphitr.
659 3273 758 3342 fragm.
778 3273 816 3326 Vl
836 3292 861 3342 p.
880 3279 929 3326 116
949 3273 1042 3328 Goctz.
1066 3276 1075 3344 ]
1103 3274 1167 3327 4111
1186 3270 1368 3345 Terentiano]
1387 3293 1412 3329 v.
1433 3280 1493 3329 987.

221 3345 255 3400 cf.
271 3344 355 3400 Keilii
369 3344 515 3400 adnotatio
529 3349 539 3416 ΙΙ
552 3352 568 3399 b
582 3345 727 3413 fastigium
739 3389 744 3400 .
756 3389 762 3400 .
774 3345 895 3412 .1110010;
912 3351 927 3398 7
942 3345 1058 3414 fastigia
1069 3390 1075 3400 .
1087 3390 1092 3400 .
1104 3389 1110 3401 .
1121 3344 1204 3416 dixit]
1220 3346 1254 3399 cf.
1271 3346 1342 3399 Non.
1357 3364 1383 3414 p.
1398 3351 1495 3413 302,9;

221 3423 281 3484 463,
297 3422 339 3471 27.
377 3434 475 3472 comm.
495 3418 560 3470 Luc.
580 3417 619 3471 IV
639 3419 743 3487 296116
763 3415 940 3487 caelumque]
959 3418 1020 3472 buc.
1040 3416 1079 3470 IV
1098 3419 1203 3486 011113
1222 3418 1304 3470 arbor
1322 3418 1365 3470 est
1382 3416 1496 3485 glandi·

220 3487 280 3542 fera
299 3505 322 3542 e.
337 3507 363 3556 q.
380 3489 414 3558 s]
435 3488 469 3543 of.
488 3488 553 3542 isid.
574 3505 613 3544 or.
633 3487 710 3540 XVll
727 3495 750 3556 7,
765 3493 799 3542 28

310 3638 325 3684 2
341 3631 528 3686 eocouomicis
538 3631 604 3685 ΑΗ
620 3631 818 3686 oectonomrcis
831 3631 877 3701 V]
891 3648 1042 3699 sexagenos
1057 3632 1086 3685 in
1100 3631 1159 3685 dies
1175 3631 1286 3686 scrobes
1299 3630 1345 3702 V]
1359 3638 1375 3685 3
1390 3631 1495 3703 minor]

221 3719 276 3757 non
294 3702 385 3756 minor
404 3702 431 3756 V
441 3704 450 3771 [Ι
464 3702 569 3756 Lucani
587 3719 661 3758 rmus
681 3704 708 3756 P
724 3704 815 3769 babet,
834 3720 884 3756 om.
903 3704 1024 3772 reliqui]
1038 3702 1135 3772 grachi
1149 3703 1177 3756 A
1188 3702 1255 3757 VM
1270 3702 1395 3772 (gracchi
1411 3705 1440 3770 a)
1454 3703 1495 3773 ]4

220 3774 340 3844 grachus
366 3774 432 3828 VM
441 3775 480 3843 1Ιό
499 3775 589 3829 scobis
608 3774 646 3826 M
660 3774 777 3841 (scrobis
795 3776 832 3841 m)
847 3775 856 3842 ΙΙ
875 3775 1002 3843 exemplo
1022 3776 1049 3827 A
1069 3775 1237 3843 (exemplum
1256 3777 1285 3842 a)
1299 3776 1308 3843 ]
1321 3773 1493 3828 terrentiano

220 3845 287 3900 ΑΗ
305 3848 314 3916 ]
337 3852 353 3899 6
371 3846 517 3915 fastigium
536 3862 585 3899 om.
605 3847 632 3899 A
652 3848 737 3915 (supr.
755 3862 821 3900 uere.
841 3846 905 3900 add.
924 3849 952 3915 a)
974 3847 984 3914 l]
1004 3848 1033 3899 et
1051 3862 1173 3900 summas
1193 3847 1222 3898 et
1239 3846 1311 3898 imas
1331 3848 1425 3914 partos
1449 3844 1497 3917 V]

220 3921 313 3987 partes
332 3919 359 3971 A
379 3917 479 3986 (partis
498 3921 526 3986 a)
548 3919 558 3987 ΙΙ
581 3922 597 3970 8
616 3916 949 3986 fastigia...domandae
964 3922 1028 3986 post
1046 3920 1095 3970 aut
1113 3933 1165 3986 ego
1185 3918 1213 3987 (l.
1235 3919 1279 3986 12)
1297 3918 1358 3972 bob.
1385 3916 1435 3986 V]
1461 3923 1494 3970 13

220 4007 301 4044 ausus
320 4008 380 4042 sum
399 3989 446 4059 P]
460 3988 583 4060 audebo]
601 3990 651 4042 aut
670 4006 722 4057 ego
742 3989 761 4038 l'
774 3990 784 4055 ]
798 4007 878 4042 evuco
897 3988 988 4043 fossae
1008 4005 1057 4044 om.
1070 3988 1116 4058 V]
1129 3987 1269 4043 fossaeP:
1288 3987 1440 4043 fossaAH
1444 3989 1482 4043 M
1485 3987 1496 4060 l]

222 4066 254 4114 14
273 4064 316 4114 est
334 4078 383 4115 om.
407 4061 433 4112 V
444 4063 453 4130 ΙΙ
467 4061 628 4129 grandifera
647 4060 680 4112 Π
690 4066 699 4126 ΙΙ
715 4065 747 4113 15
766 4076 832 4113 aesu
850 4059 895 4130 V]
911 4060 983 4114 ‘aes'
1003 4078 1053 4129 per
1072 4060 1127 4114 ‘ae’
1149 4063 1192 4113 est
1209 4076 1269 4131 epo:
1289 4077 1388 4129 aspera
1406 4061 1449 4114 est
1467 4062 1495 4114 A

220 4149 242 4187 e.
258 4149 282 4188 a.
303 4137 413 4200 praeest
431 4132 459 4186 P
476 4136 520 4201 (ea
539 4148 638 4196 aspera
657 4135 699 4186 est
717 4149 790 4185 mun.
809 4147 876 4185 saec.
892 4131 954 4184 XV
969 4148 1043 4200 supr.
1063 4134 1141 4199 vers.)
1177 4149 1224 4186 aes
1243 4148 1293 4200 per
1311 4131 1496 4202 dypthongon

219 4204 350 4258 scribitur
373 4203 399 4256 V
432 4220 480 4272 spe
499 4205 542 4257 est
560 4203 594 4258 Η
627 4218 677 4269 per
694 4218 727 4257 ae
748 4204 785 4255 M
819 4219 869 4270 per
893 4219 925 4256 ae
948 4202 1078 4256 scribitur
1101 4221 1150 4256 am
1173 4209 1198 4258 et
1221 4204 1302 4272 culpo
1330 4204 1339 4272 l]
1367 4209 1400 4256 16
1420 4203 1494 4274 0010]

221 4275 298 4329 caelo
317 4274 403 4342 HM,
424 4274 483 4328 celo
503 4275 577 4330 celas
591 4275 672 4344 culpo
685 4276 695 4343 ΙΙ
709 4272 924 4344 derivationem]
943 4277 1037 4329 tamen
1056 4273 1171 4328 alterius
1190 4272 1286 4342 (altius
1302 4274 1350 4340 M)
1370 4277 1413 4328 est
1431 4291 1492 4330 sen-

219 4364 277 4400 sus:
297 4362 362 4398 nam
381 4346 490 4400 caelum
509 4345 626 4400 dicimus
644 4346 719 4414 quod
736 4345 864 4399 uidemus
884 4346 914 4399 et
931 4346 1059 4399 omnibus
1078 4345 1249 4413 (uidentibus
1264 4346 1326 4400 add.
1339 4345 1387 4415 M)
1404 4347 1494 4415 patet,

220 4418 359 4473 caelatum
378 4420 472 4471 autem
492 4418 594 4472 dicitur
612 4418 686 4486 quod
705 4435 722 4472 a
740 4417 801 4470 uisu
820 4417 1001 4471 absconditur
1019 4417 1082 4471 add.
1097 4416 1135 4472 H.
1155 4419 1247 4471 eadem
1265 4418 1336 4471 inter
1354 4418 1494 4471 caelatum

219 4496 244 4543 et
261 4490 329 4544 lieet
346 4491 407 4544 hab.
425 4491 462 4542 M
474 4493 484 4558 ΙΙ
497 4491 534 4544 ad
552 4506 576 4544 a.
592 4496 643 4544 292
662 4490 711 4543 boc
728 4489 859 4543 scholiam
877 4489 963 4542 edidit
983 4487 1013 4541 F
1011 4489 1068 4543 abr.
1087 4507 1189 4543 rsurvu
1207 4506 1306 4542 11101011
1324 4507 1352 4541 ru
1371 4507 1492 4542 11111111

219 4581 313 4615 resurr
331 4561 361 4614 id
380 4562 424 4616 est
442 4564 577 4629 quantum
597 4560 682 4616 altior
700 4559 861 4614 summitate
881 4558 924 4614 sui
944 4560 1099 4628 consurgit,
1118 4563 1228 4614 tantum
1248 4558 1333 4613 etiam
1352 4561 1494 4614 radicibus

218 4633 277 4686 ima
295 4635 386 4687 terrae
405 4633 569 4702 profundius
587 4635 724 4702 penetrat.
750 4632 761 4700 ]
789 4637 821 4684 17
841 4650 893 4684 101
913 4650 1014 4684 rumai
1025 4675 1031 4687 .
1043 4675 1049 4686 .
1061 4675 1067 4687 .
1078 4631 1310 4700 significationem
1333 4648 1383 4686 om.
1403 4634 1445 4700 A,
1462 4633 1494 4685 in

218 4721 304 4775 mcrp.
323 4721 411 4774 samer.
431 4705 494 4759 add.
515 4722 533 4758 a
546 4705 555 4773 ΙΙ
568 4704 680 4774 recipit]
699 4704 803 4758 retinet
826 4702 852 4755 V
871 4703 880 4771 l]
905 4709 936 4758 19
956 4722 1021 4758 nam
1033 4747 1038 4757 .
1051 4747 1056 4757 .
1069 4702 1237 4774 Martialis]
1257 4721 1321 4757 nam
1340 4703 1493 4758 masculino

218 4792 321 4843 genere
343 4777 445 4829 flamen
469 4776 611 4844 significat
634 4776 806 4830 sacerdotem
826 4775 927 4828 flamen
946 4774 1028 4829 dialis
1047 4775 1149 4829 flamen
1167 4774 1305 4829 martialis
1326 4774 1363 4826 M
1380 4773 1494 4842 (dicitur

215 4853 277 4917 post
296 4864 362 4902 nam
380 4863 455 4917 supr.
473 4863 539 4903 uere.
559 4848 624 4903 add.
641 4850 679 4915 m)
693 4847 703 4917 ]
717 4851 751 4900 23
770 4864 887 4900 comavu
905 4845 931 4898 A
945 4846 1010 4900 VM
