3354 5430
272 367 316 431 64
854 368 975 426 SERVH

272 533 453 598 immissis
474 534 631 616 auripae
651 534 838 598 uudautia
861 535 951 600 lora.
1033 552 1167 600 smluvs
1186 535 1239 600 hie
1258 535 1375 600 sibilus
1393 558 1445 600 res
1465 536 1554 621 ipsa:

271 661 345 704 nam
372 638 492 704 sibila
517 661 583 704 ora
606 640 856 724 participialiter
879 641 1000 706 dictum
1024 645 1074 706 eat
1097 664 1156 725 pro
1181 641 1382 709 ‘sibilantia'.

361 746 412 813 85.
449 764 519 812 unc
548 765 592 810 ru
620 764 686 813 uos
710 765 854 812 rarcrnr
877 765 1083 814 causamve
1107 767 1138 813 s.
1163 764 1192 813 c.
1221 749 1302 813 hene
1330 751 1490 835 anticipat
1517 754 1554 815 et

273 852 368 917 offert
391 875 523 938 munus,
547 853 633 938 quod
656 854 713 918 illc
738 876 772 918 se
795 854 957 920 facturum
981 877 1051 920 esse
1074 855 1278 939 promiserat.
1378 879 1491 922 erem
1513 858 1553 940 Ji·

235 960 377 1044 astula·
395 965 430 1025 ut
452 960 506 1044 <11
530 961 595 1046 36>
625 966 758 1043 septem
785 967 964 1043 eaupaeta
992 963 1133 1028 cicutis.
1177 967 1206 1026 et
1226 963 1349 1043 fistulae
1371 964 1554 1046 qualitatem

263 1087 323 1148 per
339 1067 501 1148 priucipia
523 1068 696 1150 eeiaparuus
718 1068 856 1146 ostendit,
879 1072 914 1132 ut
933 1067 1016 1132 ‘haee
1033 1089 1097 1147 uos,
1118 1068 1290 1149 sumerum
1305 1068 1445 1154 Corydon
1463 1071 1553 1135 arde-

270 1173 323 1237 bat
345 1173 484 1239 Aieaiu'

360 1280 411 1345 88.
435 1297 526 1346 svuu
544 1300 664 1346 runvu
686 1281 779 1366 virga
797 1282 945 1367 incurva,
959 1280 1047 1377 'unde
1065 1282 1246 1347 retinentur
1264 1283 1422 1367 pecudum
1440 1283 1551 1366 pedes.

359 1388 410 1453 89.
448 1406 521 1453 uon
555 1406 664 1454 ‘rvtrr
697 1406 897 1456 surranum
929 1408 961 1455 Ε.
988 1408 1017 1454 Ε.
1041 1408 1071 1457 r.
1094 1409 1128 1456 n.
1145 1408 1268 1455 sulm
1298 1394 1355 1457 aut
1382 1395 1551 1475 pastorem

218 1493 432 1579 loquendam
456 1494 710 1579 pulcherrimum
735 1496 827 1580 dicit3
857 1500 914 1561 aut
937 1496 1125 1562 choraulam
1150 1498 1327 1583 signifieat,
1350 1521 1447 1584 quem
1469 1499 1552 1585 legi-

269 1623 340 1666 mus
372 1601 544 1667 admodum
576 1601 765 1688 aVergilio
796 1604 897 1668 fuisse
929 1603 1091 1669 dilectum.
1139 1604 1213 1670 ‘uou
1236 1605 1321 1671 tulit'
1352 1611 1455 1672 autem
1485 1627 1551 1672 uou

268 1709 452 1791 inpetrauit.
498 1708 629 1774 ‘aruari'
647 1731 708 1792 pro
732 1709 797 1792 ‘arri
820 1716 979 1776 auraretur
987 1710 1006 1775 ’.

357 1817 410 1881 90.
441 1833 631 1882 uouuosvu
650 1834 797 1884 rsaruvs
815 1836 920 1884 rioms
944 1819 1015 1904 pari
1034 1822 1068 1883 et
1088 1820 1217 1904 aequali
1235 1824 1362 1885 tumore
1380 1821 1551 1888 nodorum.

269 1926 303 1985 ct
326 1921 462 1988 honeste
485 1923 611 1988 locutus
636 1927 699 2008 est,
722 1923 902 1990 formosum
926 1926 1020 1991 nodis
1045 1926 1096 1991 vel
1120 1949 1207 2010 aere,
1235 1932 1272 1992 ut
1296 1928 1324 1992 si
1347 1929 1436 1994 dicas
1460 1927 1551 2014 ‘pul-

217 2048 250 2097 15
270 2028 347 2094 cher
371 2035 421 2096 θεὴ
444 2052 546 2116 equus
570 2030 664 2116 sella,
687 2031 823 2116 pulcher
845 2031 970 2097 frenis'.
1061 2055 1238 2099 aoauosru
1257 2057 1284 2099 Ε
1299 2057 1328 2099 a.
1351 2031 1400 2100 *et
1421 2036 1460 2100 at
1482 2040 1551 2100 arte

264 2141 294 2199 ei
314 2158 336 2199 a
357 2142 475 2202 uaiirra
498 2139 655 2203 laudauit:
679 2136 823 2222 ‘paribus
843 2137 950 2204 uadis'
972 2140 1008 2205 id
1029 2145 1073 2205 est
1096 2146 1214 2206 natura
1235 2141 1423 2222 famosum
1448 2141 1552 2225 ‘atque

263 2242 348 2307 aere'
372 2243 426 2310 tae
447 2249 492 2309 est
508 2245 676 2327 patalarum
698 2267 768 2311 uere
789 2247 992 2330 artificium*

709 2512 909 2580 ECLOGA
940 2511 1106 2579 SEXTA.

357 2659 383 2722 1.
419 2678 524 2722 rurus
547 2678 721 2723 sr'ureosro
743 2657 900 2723 character
921 2658 1055 2736 ruiatus;
1078 2679 1154 2723 uam
1177 2663 1206 2723 et
1224 2664 1314 2741 pacta
1331 2657 1499 2742 praefatur
1521 2663 1550 2723 et

212 2783 246 2831 rc
266 2771 392 2831 cautere
414 2765 539 2831 Silenus
565 2767 731 2832 inducitur.
866 2787 1039 2831 sunreosro
1065 2767 1141 2848 arr-ia
1166 2765 1365 2831 Tluooritum
1381 2766 1549 2848 praecipue

263 2875 418 2963 sequ-itur.
431 2874 572 2955 qrrauivis
595 2874 686 2938 meriti
708 2873 767 2939 alii
789 2873 925 2938 tricolim
946 2874 1133 2959 scripserint.
1233 2895 1363 2938 rrum
1388 2893 1490 2939 rausa
1511 2878 1547 2938 ut

264 2982 328 3062 ipse
350 2982 397 3044 ait
418 2981 587 3044 earuriua
615 2981 680 3063 arri
710 2981 786 3045 lusi
811 2985 1012 3063 pastorum.
1147 2998 1255 3045 Pauus
1279 2997 1470 3048 sraecosuo
1493 3000 1546 3046 Dr·

264 3104 382 3152 (ruauh
412 3104 477 3153 aar
509 3105 540 3152 Ι..
564 3107 596 3152 v.
621 3104 758 3153 NOSTRA
789 3088 952 3171 Romana,
981 3087 1103 3171 inquit,
1135 3110 1228 3153 musa
1260 3111 1327 3152 non
1358 3089 1488 3154 erubuit
1512 3110 1547 3153 se

265 3194 356 3260 silvis
385 3198 461 3259 ante
486 3195 704 3278 committere,
737 3194 771 3258 id
795 3199 846 3258 est
868 3195 993 3259 imitari
1016 3193 1225 3260 Theocritum
1250 3192 1490 3279 Syracusanum
1516 3200 1549 3260 et

215 3321 248 3368 25
267 3302 416 3366 bucolica
440 3301 589 3368 scrihere.
631 3300 828 3388 ‘Syracosio'
852 3305 962 3366 autem
987 3323 1101 3387 graece
1125 3303 1184 3367 ait:
1208 3325 1284 3367 nam
1308 3303 1409 3367 latine
1433 3300 1551 3387 ‘Syra

264 3408 420 3475 cusanus'
444 3409 591 3475 dicimus
637 3408 784 3495 ‘nostra'‚
807 3410 839 3473 id
862 3413 913 3473 est
936 3408 1099 3495 Romana,
1121 3414 1159 3474 ut
1181 3414 1222 3474 tu
1246 3432 1398 3495 quoque
1422 3409 1548 3475 litori·

353 3593 369 3641 2
389 3585 473 3640 sibila
491 3585 553 3656 ora]
572 3585 701 3643 A.11211
717 3588 726 3655 ΙΙ
741 3591 774 3640 22
789 3584 925 3655 carmina]
941 3600 1036 3655 georg.
1048 3584 1087 3639 IV
1097 3590 1150 3640 564
1163 3588 1173 3657 l
1186 3591 1221 3640 25
1235 3587 1268 3640 tu
1282 3586 1407 3656 quoque]
1423 3584 1544 3640 A.V111

354 3755 369 3802 6
389 3747 554 3818 eglogsrum
572 3748 600 3801 L
613 3749 622 3816 l
636 3765 686 3803 uos
704 3747 731 3801 L
744 3749 754 3817 l
767 3745 883 3799 coridon
901 3745 928 3798 L
941 3746 981 3814 u8
999 3745 1147 3801 incuruata
1164 3745 1192 3800 R
1219 3743 1347 3800 inearina
1364 3745 1391 3798 L
1418 3745 1547 3814 (incarus

264 3820 285 3889 l)
306 3821 315 3888 ΙΙ
340 3826 372 3874 10
392 3820 534 3874 coraulam
554 3819 684 3874 Seniani
702 3819 797 3887 lieren
821 3824 854 3871 13
873 3835 1013 3870 rouuosvrr
1030 3836 1144 3872 rsurnvs
1163 3835 1242 3870 nonis
1261 3817 1321 3887 pari
1341 3821 1371 3871 et
1389 3815 1483 3885 equali
1501 3819 1546 3870 tu·

263 3908 340 3945 more
365 3893 502 3946 nodorum
526 3894 556 3945 et
581 3891 697 3946 honeste
715 3888 826 3943 locutus
846 3891 890 3941 est
908 3887 1061 3942 formosum
1081 3889 1162 3943 nodis
1182 3889 1211 3942 et
1230 3890 1266 3942 ab
1285 3890 1345 3941 arte
1364 3888 1393 3942 et
1410 3905 1428 3943 a
1445 3893 1546 3943 natura

264 3963 393 4017 laudauit
414 3964 460 4017 uel
484 3963 519 4017 ab
543 3978 622 4031 aare,
645 3965 676 4015 ut
698 3962 721 4015 si
745 3960 823 4015 dicas
847 3959 963 4029 pulcher
987 3962 1031 4013 est
1049 3976 1136 4028 equus
1156 3959 1227 4014 sella
1245 3959 1363 4028 pulcher
1381 3960 1426 4012 est
1443 3960 1546 4014 fraenis

264 4035 387 4099 (trcenus
406 4035 434 4103 l).
471 4053 583 4088 runicus
606 4049 685 4087 nonis
708 4032 737 4086 id
762 4033 805 4087 θεὴ
823 4035 923 4084 natura
941 4031 1094 4085 formosum
1112 4031 1166 4085 hoc
1184 4033 1229 4084 est
1246 4031 1377 4100 pulcrum
1396 4045 1460 4084 aare
1478 4030 1545 4085 arti·

263 4105 356 4160 ficium
376 4107 401 4158 Ι,
414 4108 424 4174 ΙΙ
438 4105 559 4176 tumore]
579 4110 609 4159 ct
627 4104 777 4158 intervallo
796 4104 860 4157 add.
876 4102 1029 4156 Maaricius
1041 4105 1052 4171 l
1065 4101 1214 4173 nodorum]
1234 4104 1264 4156 et
1281 4101 1396 4171 insuper
1414 4117 1479 4156 aere
1498 4102 1546 4156 de-

264 4179 392 4231 coratum
410 4177 513 4231 addit
527 4180 536 4245 n
551 4183 585 4230 14
604 4175 662 4257 vel]
682 4181 767 4244 atquc
788 4173 815 4227 It
829 4176 838 4242 ΙΙ
854 4180 886 4226 15
905 4178 949 4227 est
968 4192 1068 4241 equus.
1080 4216 1086 4228 .
1098 4216 1104 4227 .
1114 4173 1232 4242 pulchar
1250 4190 1300 4229 cru.
1316 4174 1446 4228 Seruiani
1463 4174 1545 4243 litril

264 4248 363 4319 frenis]
381 4247 543 4302 Menalcha:
561 4252 709 4302 uocatruus
728 4249 771 4299 est
789 4247 853 4299 adri.
872 4244 914 4307 It,
932 4247 972 4299 at.
992 4244 1081 4311 Sapis.
1103 4247 1113 4314 l
1135 4251 1165 4298 17
1187 4244 1349 4315 artificium]
1370 4245 1415 4299 vel
1433 4263 1545 4299 rursus

263 4340 341 4373 roras
361 4320 388 4373 id
409 4320 453 4373 est
470 4319 531 4388 pari
550 4317 700 4373 intervallo
720 4318 784 4373 adet.
804 4317 915 4371 Daniel.
953 4318 987 4382 eti
1007 4316 1087 4370 schol.
1107 4316 1193 4370 Beru.
1207 4318 1217 4385 l
1231 4336 1330 4370 rucrrrr
1350 4336 1456 4370 raucas
1473 4335 1503 4370 vr
1517 4316 1545 4368 A

264 4410 405 4446 »avsoniae
424 4407 579 4445 sarrrrosvrs
598 4409 745 4445 sacrosan
762 4406 927 4442 pannoniam
946 4388 973 4441 B
1006 4406 1130 4441 nxrnrcrr
1148 4409 1174 4442 v.
1192 4407 1220 4442 vr
1239 4407 1345 4443 assona
1363 4406 1461 4442 mcum
1480 4405 1545 4442 ruv-

263 4482 353 4517 nourrr
373 4480 530 4517 surruonvrs
550 4479 704 4516 crassantur
722 4478 884 4515 nunucrsmo
903 4458 931 4513 R

355 4631 387 4679 18
407 4643 559 4692 arsacium,
578 4624 623 4678 hic
640 4628 665 4677 ei
683 4624 762 4689 iufra
780 4621 807 4675 L
825 4624 835 4688 l
854 4621 980 4674 caracter
998 4620 1025 4672 L
1048 4623 1058 4689 i
1080 4621 1204 4689 prefator
1222 4620 1257 4687 L,
1276 4636 1345 4675 corr.
1366 4621 1447 4688 ll²2
1467 4638 1544 4673 sran-

263 4714 340 4749 cvsro
359 4695 457 4749 APII
467 4699 477 4766 l
491 4701 525 4750 26
545 4696 687 4765 syracusia
706 4696 794 4764 libril
812 4708 878 4746 nam
896 4708 996 4760 graece
1015 4694 1187 4761 συρακοῦσαι
1208 4688 1394 4759 συρακούσιος
1413 4696 1445 4745 nt
1464 4687 1542 4761 ῥώμη

263 4763 400 4837 (impetos,
420 4766 508 4822 latine
528 4768 717 4837 Syracusanus
737 4768 766 4821 et
783 4768 926 4820 Romanus
945 4762 1064 4818 dicimus
1083 4764 1233 4817 Fabricius
1255 4766 1265 4831 Ι
1288 4779 1472 4831 syracusanos
1491 4763 1518 4816 L
1535 4766 1546 4834 ΙΙ

263 4845 298 4893 26
317 4842 425 4894 nostra.
438 4883 444 4894 .
456 4838 611 4910 hnmana]
630 4838 717 4893 etsie
736 4840 835 4893 nostra
852 4852 968 4889 romana
986 4835 1012 4887 L
