3354 5430
491 383 603 438 COMM.
623 383 662 436 IN
681 383 786 437 VERG.
807 384 886 439 BVC.
907 383 971 438 VIII
990 390 1103 439 27-29.
1389 384 1430 448 97

156 570 219 613 vox
247 548 471 633 virginitatem
505 547 696 630 deponentis
729 549 834 632 possit
862 548 972 611 audiri.
1025 549 1120 613 modo
1149 552 1257 612 tamen
1286 549 1357 613 idco
1386 549 1433 613 ait

156 654 291 740 ‘sparge
319 654 435 718 marite
463 676 561 719 nuces
570 653 590 736 ’,
621 661 658 719 ut
686 677 758 719 curn
788 655 935 738 culparet
963 656 1132 719 infamiae:
1168 678 1243 719 nam
1274 656 1432 721 meritorii

156 762 261 846 pueri,
284 761 316 825 id
341 765 391 824 cst
415 761 575 843 catamiti,
598 762 715 846 quibus
738 762 872 826 licenter
891 762 1066 827 utebantur
1085 762 1223 847 antiqui,
1247 763 1432 827 recedentes

157 891 177 933 a
201 867 289 951 turpi
313 868 445 931 servitio
468 889 566 932 nuces
591 869 804 954 spargebant,
826 869 859 932 id
883 873 933 932 est
956 870 1065 933 ludum
1084 869 1256 953 pueritiae,
1278 873 1315 933 ut
1335 869 1432 954 signi·

155 974 291 1039 ficarent
314 995 348 1037 se
372 974 510 1059 puerilia
533 979 648 1039 cuncta
675 976 741 1039 iam
766 998 925 1060 spernere.
971 976 1054 1040 unde
1078 983 1110 1039 et
1132 976 1212 1039 illud
1237 976 1358 1039 dictum
1382 980 1468 1043 este

156 1080 230 1145 ‘tibi
254 1081 382 1146 ducitur
405 1080 506 1165 uxor',
529 1082 561 1145 id
587 1085 636 1146 est
660 1083 719 1146 sub
743 1087 798 1147 tuo
818 1083 950 1147 nomine
969 1083 1043 1147 aliis
1064 1082 1199 1164 ducitur,
1222 1087 1258 1146 ut
1277 1105 1348 1146 carn
1367 1104 1432 1147 non

157 1188 234 1273 ipsi,
258 1188 313 1252 sed
337 1189 409 1252 aliis
434 1189 626 1254 servituram
651 1211 721 1253 esse
745 1190 915 1274 significet,
939 1189 1061 1254 scilieet
1085 1191 1153 1253 eins
1177 1190 1431 1273 corruptoribus

156 1296 271 1359 dieitur
296 1297 389 1360 etiam
418 1297 482 1360 ideo
509 1318 530 1360 a
558 1317 634 1360 novo
657 1298 770 1360 marito
792 1317 883 1360 nuces
904 1297 1010 1379 sparpi
1032 1297 1146 1379 debere,
1177 1298 1259 1378 quod
1279 1298 1433 1378 proiectae

156 1403 193 1466 in
220 1407 334 1466 nuum
362 1403 533 1485 aspidium
559 1403 745 1467 solistimum
770 1404 904 1484 faciunt,
931 1405 1013 1484 quod
1038 1405 1213 1486 urrspieium
1235 1405 1278 1468 ad
1298 1424 1363 1468 rem
1386 1424 1433 1466 or·

156 1509 302 1573 diendam
328 1510 478 1591 optimum
504 1515 564 1575 est:
600 1510 645 1573 eet
668 1510 734 1574 ideo
756 1531 777 1573 a
797 1511 903 1592 prieris
925 1511 1130 1593 ospcrpendas
1152 1530 1243 1574 nrrces
1265 1530 1334 1574 eum
1355 1515 1431 1574 stre·
1453 1530 1484 1577 ιο

153 1616 224 1697 pitu
250 1621 280 1680 et
305 1617 439 1680 concino
466 1616 620 1699 tlepitari,
651 1637 689 1679 ne
715 1618 791 1697 quid
811 1638 891 1681 noca
913 1622 1012 1698 nupta
1033 1618 1145 1681 audiat
1168 1618 1342 1695 aduersum,
1374 1637 1433 1699 quo

157 1723 221 1786 dies
242 1724 426 1805 nuptiarum
449 1724 626 1787 dirimatur.
656 1725 783 1804 quidam
800 1729 928 1806 putaui,
951 1725 1033 1805 quod
1054 1723 1125 1788 laec
1147 1744 1214 1788 esca
1237 1725 1280 1788 ad
1300 1725 1432 1789 incitan-

157 1830 230 1893 dam
251 1828 395 1894 Venerem
417 1830 524 1910 faeiat.
556 1850 632 1895 sone
651 1830 761 1910 fabula
783 1831 819 1894 de
840 1832 928 1895 nucis
950 1831 1068 1913 oripine
1091 1831 1163 1896 talis
1186 1836 1245 1896 est:
1268 1830 1356 1895 Dion
1377 1852 1432 1896 reu

157 1934 329 2000 Lmourcee
348 1937 420 2020 fuit,
442 1938 496 2018 qui
518 1936 625 2002 bohuit
646 1957 773 2001 uxorem
787 1937 1017 2020 Amphitheam,
1031 1937 1196 2002 Pronuctis
1213 1939 1333 2019 liliam:
1356 1959 1434 2020 quoe

155 2062 226 2106 erem
248 2042 425 2125 Apollinem
451 2064 569 2109 summo
596 2045 680 2108 cultu
706 2050 734 2109 et
760 2046 929 2108 reuerentia
955 2045 1084 2126 bospitio
1111 2047 1278 2127 recepisset,
1310 2046 1362 2110 ille
1388 2064 1485 2112 re-1e

156 2151 320 2214 munerari
341 2151 443 2216 uolens
465 2152 547 2216 eirca
569 2172 600 2215 se
622 2151 788 2233 hospitium
810 2152 935 2234 cultrrm,
959 2152 1055 2216 tribus
1077 2153 1203 2233 filiabus
1220 2173 1333 2235 corum,
1356 2172 1434 2232 pirae

158 2256 271 2341 Orplre,
293 2257 376 2342 Lyco
399 2261 427 2322 et
449 2257 567 2322 Oaroeu
588 2258 758 2340 appellatae
779 2263 865 2342 sunt,
888 2259 1108 2322 diuinationem
1131 2260 1286 2339 concessit,
1309 2260 1433 2342 adiecto,

156 2384 195 2427 nc
215 2365 398 2446 proditrices
425 2365 591 2428 numinum
618 2385 679 2430 csse
706 2365 814 2430 vellent
840 2386 912 2429 neue
938 2371 1116 2446 qureuerent
1141 2368 1223 2447 quod
1248 2370 1323 2430 esset
1344 2365 1434 2445 erosas

155 2472 240 2538 seire.
280 2476 353 2554 post
374 2471 467 2536 Liber
488 2477 576 2554 pater
597 2473 759 2537 adveniens
781 2493 802 2535 a
826 2471 929 2536 Dione
951 2473 996 2536 oet
1018 2474 1084 2536 eius
1105 2493 1201 2536 cruore
1222 2476 1357 2554 receptus
1379 2472 1432 2536 bo·

156 2578 248 2659 spitio
269 2582 327 2661 est,
349 2581 403 2659 qui
425 2599 494 2643 cum
516 2583 624 2643 amota
646 2600 667 2642 u
689 2599 720 2644 se
743 2578 860 2644 Caroea
882 2580 995 2644 eoitrrm
1018 2580 1148 2644 miscuit.
1194 2581 1247 2644 sed
1268 2601 1337 2644 cunr
1360 2581 1431 2644 inde
1449 2600 1484 2646 eo

156 2704 245 2767 acpre
257 2685 350 2749 Liber
365 2687 523 2769 profectus
546 2690 632 2768 esset,
656 2690 773 2767 copente
790 2687 907 2750 auroris
925 2687 1111 2769 inpatientia
1129 2687 1226 2750 denuo
1243 2687 1287 2750 ad
1303 2686 1433 2768 hospites

156 2793 247 2870 redit,
278 2813 407 2858 mirsam
429 2794 632 2875 praetendens
659 2793 820 2856 dedicandi
845 2793 932 2874 fani,
962 2794 1044 2874 quod
1070 2795 1098 2857 ei
1125 2813 1180 2858 ree
1207 2797 1336 2857 uouerat.
1381 2795 1434 2858 scol

156 2897 239 2980 Lpeo
265 2902 294 2963 et
317 2897 431 2983 Orplre,
463 2901 608 2964 intellecto
637 2900 719 2963 eirea
746 2920 879 2964 sororem
908 2897 1057 2965 Caroeam
1084 2900 1189 2964 Liberi
1215 2920 1333 2982 amore,
1364 2921 1432 2964 eum

157 3006 305 3070 mstodire
331 3012 502 3089 coeperunt,
535 3029 573 3071 ne
599 3029 668 3071 cum
692 3007 802 3072 Libero
824 3009 853 3071 ei
875 3014 950 3072 esset
972 3009 1060 3090 corno
1082 3009 1219 3073 concredi.
1262 3027 1341 3089 queas
1362 3029 1432 3073 eum

157 3110 249 3176 Liber
269 3118 363 3196 pater
388 3120 522 3179 monmet
549 3119 742 3196 teneretque,
772 3119 808 3178 ut
833 3115 942 3179 saltem
963 3121 1128 3197 praecepta
1150 3115 1308 3197 Apollinis
1334 3120 1431 3180 eusto-
1451 3134 1485 3181 aa

157 3219 271 3284 dientm
291 3222 481 3302 pertinacem
503 3222 696 3304 dilipentiam
719 3226 947 3304 compescerent,
978 3223 1147 3303 sidereique
1169 3222 1207 3286 ab
1230 3222 1278 3286 liis
1300 3227 1328 3286 et
1349 3242 1431 3287 soro·

157 3344 222 3389 rem
248 3328 353 3392 uerirn
379 3329 527 3392 numdiri
553 3334 582 3392 et
607 3349 698 3394 suum
725 3334 870 3394 secretum
896 3330 1063 3394 studiosius
1089 3330 1222 3410 inquiri,
1256 3328 1378 3410 Orpben
1404 3336 1433 3394 et

157 3430 240 3514 Ipso
266 3435 403 3499 immisso
429 3436 536 3516 furore
562 3437 606 3501 ad
629 3436 797 3518 Tuppetunr
825 3441 956 3499 nioutem
982 3441 1090 3518 raptas
1117 3437 1151 3499 in
1178 3455 1257 3499 soso
1279 3438 1432 3513 conuertit,

160 3536 308 3604 Caroeam
331 3563 413 3625 cero,
435 3563 528 3624 quam
551 3547 723 3625 amaverat,
746 3544 781 3605 in
804 3544 905 3607 coelem
928 3547 1028 3606 niontc
1051 3544 1085 3605 in
1109 3542 1248 3606 arborem
1265 3544 1316 3606 sui
1332 3545 1448 3640 nomi·

157 3648 207 3710 nis
228 3648 329 3731 uertit,
352 3670 429 3730 quae
452 3650 548 3714 latine
569 3671 636 3713 nus
658 3651 788 3714 elicitur:
809 3651 891 3730 quod
908 3654 1014 3731 postea
1037 3648 1148 3713 Diana
1171 3650 1216 3712 ita
1237 3642 1355 3730 fuitum
1370 3651 1430 3715 Lu·
1449 3668 1484 3716 30

157 3774 248 3819 eonas
274 3756 384 3820 docuit.
429 3757 510 3820 unde
537 3757 683 3840 templum
707 3754 869 3838 Caryatidi
892 3755 1018 3820 Dionae
1040 3777 1061 3819 u
1083 3756 1258 3820 Laconibus
1280 3778 1432 3822 consecro·

157 3865 222 3925 tum
245 3867 295 3927 est.

157 3986 368 3996 -—.—...--.-.-.

246 4044 280 4092 30
299 4038 374 4106 quod
392 4040 491 4108 postca
503 4082 509 4094 .
521 4042 748 4095 ..consecratum
767 4038 821 4110 est]
841 4039 874 4093 cf.
894 4036 972 4093 Luat.
987 4038 1063 4093 Plac.
1083 4039 1118 4093 ad
1139 4038 1209 4093 Stat.
1224 4037 1310 4094 Theb.
1327 4039 1362 4093 IV
1378 4045 1430 4094 225
1546 4050 1548 4056 ’

248 4206 261 4251 1
281 4198 333 4270 aii]
353 4198 423 4253 dicit
440 4200 500 4253 BL
513 4203 552 4268 113
571 4200 703 4254 katamiti
721 4200 749 4253 B
762 4202 802 4268 ΙΙ4
821 4198 888 4252 ludo
903 4200 971 4254 ΑΗ
995 4201 1104 4270 landum
1123 4199 1151 4252 B
1164 4202 1203 4269 l9
1224 4199 1372 4268 arripitium
1389 4199 1431 4271 ΒΗ

157 4268 193 4322 ad
217 4285 276 4324 rem
299 4269 459 4326 ordiendam
479 4272 646 4327 Massicius:
675 4270 712 4326 ad
729 4272 934 4325 reformandam
955 4272 994 4337 L,
1022 4273 1068 4325 scd
1086 4277 1116 4324 ut
1135 4273 1249 4325 alterum
1268 4289 1285 4325 a
1303 4288 1336 4325 ea
1354 4290 1372 4325 u
1390 4275 1430 4326 oi-

157 4341 255 4395 deatur
272 4341 376 4408 factum
394 4344 469 4411 essct!
485 4348 516 4396 11
538 4360 593 4413 quo
612 4361 645 4398 ee
664 4342 739 4412 quod
756 4342 783 4395 L
797 4346 806 4412 ΙΙ
826 4348 857 4395 12
878 4347 1028 4412 nuptarum
1047 4342 1072 4393 L
1091 4343 1099 4410 ll
1119 4343 1154 4395 ad
1173 4341 1317 4396 incItanda
1335 4343 1364 4396 in
1384 4361 1430 4396 ue-

157 4428 249 4466 nerem
270 4413 305 4478 L,
324 4429 391 4468 corr.
411 4415 515 4468 Daniel
533 4416 542 4483 ΙΙ
564 4421 597 4468 14
615 4413 816 4483 Amphitheam
835 4430 893 4484 epo:
913 4413 1088 4482 inphitheam
1107 4413 1133 4465 L
1166 4414 1304 4482 Iphitcam
1323 4414 1429 4468 Masei-

156 4484 216 4538 eius
237 4485 247 4552 ΙΙ
270 4483 416 4538 Pronactis
435 4502 494 4555 epo:
514 4488 631 4555 prognai
649 4486 688 4551 L,
706 4487 753 4540 sed
771 4486 837 4554 gnai
855 4487 886 4538 iu
905 4502 959 4538 rus.
980 4486 996 4538 l.
1034 4486 1068 4548 ef.
1088 4485 1214 4554 Apollod.
1234 4484 1246 4536 Ι
1266 4491 1340 4551 9,13
1362 4487 1372 4554 ΙΙ
1397 4492 1429 4539 15

157 4555 281 4624 hospicio
300 4555 327 4609 L
341 4557 350 4626 ΙΙ
363 4558 532 4611 renumerari
551 4557 577 4610 L
590 4558 600 4624 ΙΙ
616 4563 648 4610 lt
667 4556 810 4625 hospitum
830 4557 934 4609 Daniel
946 4558 956 4624 ΙΙ
976 4561 1008 4610 17
1028 4553 1116 4622 Carya
1134 4556 1288 4609 Masoicius
1300 4559 1310 4625 l
1324 4556 1430 4625 apella·

156 4629 203 4680 tae
221 4627 248 4679 L
265 4630 275 4696 {l
295 4631 327 4679 19
347 4628 473 4697 hospicio
493 4628 519 4681 L
537 4631 546 4697 ΙΙ
565 4634 599 4681 20
618 4645 702 4683 earoa
719 4628 746 4681 L
764 4631 774 4697 fl
791 4633 824 4680 21
845 4627 1016 4696 inpaticncia
1034 4627 1061 4680 L
1078 4629 1087 4696 ΙΙ
1106 4633 1139 4680 22
1159 4626 1217 4680 fani
1238 4626 1430 4682 Conuuclinus:

157 4714 222 4751 sane
241 4698 291 4766 Lll
309 4704 342 4751 23
362 4698 417 4753 lieo
437 4703 466 4753 et
485 4699 543 4753 orfc
562 4700 588 4752 L
606 4701 616 4767 ΙΙ
635 4699 767 4753 Caroeam
786 4715 845 4767 epo:
866 4715 930 4752 caro
950 4715 1001 4752 ean
1021 4699 1061 4764 L,
1079 4701 1124 4752 sed
1144 4717 1161 4751 n
1180 4717 1197 4751 a
1216 4715 1267 4751 rec.
1288 4717 1373 4753 runnu
1390 4701 1430 4754 vi-

155 4770 235 4824 detur
253 4770 379 4824 additum
393 4772 402 4841 ΙΙ
416 4786 539 4823 amorem
558 4771 583 4823 L
596 4772 606 4838 ΙΙ
620 4776 654 4823 24
674 4771 808 4839 ceperunt
826 4771 852 4823 L
866 4771 875 4838 ΙΙ
890 4774 922 4822 25
943 4769 1036 4822 salt-im
1055 4787 1088 4822 ce
1107 4769 1207 4822 saltem
1227 4770 1252 4822 L
1271 4773 1280 4840 ΙΙ
1298 4776 1332 4825 27
1352 4771 1430 4824 orfen

156 4840 183 4894 L
205 4842 214 4909 u
238 4845 272 4895 28
292 4841 328 4894 ad
347 4842 368 4895 l:
388 4841 450 4896 aL
471 4844 481 4910 l
503 4845 648 4912 taygetam
667 4842 693 4894 L
706 4843 716 4910 11
729 4843 825 4912 raptas
844 4844 990 4910 arreptos
1009 4840 1035 4893 L
1048 4843 1058 4910 l
1072 4847 1105 4894 31
1125 4840 1267 4910 Caryatidi
1286 4841 1429 4897 Dukerus:

210 4939 379 4982 Serviliorum.
407 4940 459 4981 Vol.
472 4941 516 4981 111.
535 4941 600 4982 raro.
615 4941 633 4981 1.
1202 4937 1217 4986 'l
