3344 5430
167 367 207 421 VI
698 364 912 420 PRAEFATIO.

168 532 257 596 leant
280 532 366 594 inter
390 553 423 594 se
447 553 552 613 neque
575 529 711 593 leviores
736 529 916 613 scripturae
941 529 1175 614 discrepantias
1195 531 1352 596 curandas
1373 554 1443 595 0000

168 643 330 724 putarem,
358 661 423 703 una
445 638 475 701 L
502 639 581 701 nota
608 636 778 720 utriusque
808 637 997 701 testimonia
1023 637 1213 722 plerumque
1237 637 1444 723 comprehen-

168 746 242 810 dere
275 747 404 811 licebat.
459 745 493 807 in
526 746 712 806 contextum
744 743 827 807 nihil
858 744 922 807 nisi
957 744 1174 829 Filargiriana
1206 746 1325 829 recepi:
1363 767 1445 829 quae

168 853 290 917 HRM
317 852 395 916 libri
424 854 552 933 praeter
580 849 639 912 illa
666 847 788 912 habent
815 848 849 913 in
878 849 1089 915 adnotatione
1119 851 1216 936 edidi,
1250 875 1445 938 quamquam

168 982 244 1043 pars
269 981 380 1023 eorum
408 958 441 1021 in
466 956 622 1040 Stephani
647 956 849 1040 aliorumque
873 958 1069 1040 exemplaria
1092 959 1237 1041 transiit,
1268 981 1371 1044 neque
1394 982 1446 1023 ne-

170 1066 240 1152 gari
263 1070 386 1150 potest,
411 1064 567 1149 quaedam
591 1063 639 1127 ita
662 1067 851 1146 comparata
874 1086 958 1148 0000,
989 1068 1025 1128 01
1049 1065 1212 1149 exipsius
1237 1063 1340 1130 Servii
1363 1089 1446 1131 com-

170 1172 328 1237 mentario
353 1173 547 1255 deprompta
570 1193 640 1234 esse
669 1169 823 1254 conicias,
851 1171 954 1234 veluti
978 1172 1116 1256 quaein
1140 1172 1382 1258 Hamburgensi
1406 1174 1445 1237 ad

169 1281 311 1362 coutuqie
335 1280 453 1343 taedent
474 1276 504 1363 (Ι
528 1275 600 1363 51),
633 1277 673 1340 ad
699 1278 802 1359 [17900
824 1299 952 1360 opacum
977 1275 1062 1365 (52),
1095 1279 1135 1342 ad
1157 1281 1260 1345 salicti
1284 1280 1371 1365 (54),
1404 1280 1444 1345 ad

168 1388 287 1452 0070100
311 1383 398 1472 (68),
423 1385 462 1448 ad
480 1389 552 1466 post
573 1384 691 1466 aliquot
713 1385 828 1449 0110701
851 1383 936 1470 (69),
962 1384 1002 1447 ad
1024 1386 1151 1450 0000770
1174 1382 1261 1472 (70),
1284 1386 1323 1450 ad
1346 1388 1445 1452 insere

170 1492 243 1580 (73)
268 1493 431 1575 adscripta
455 1495 538 1556 sunt.

167 1755 170 1759 Ι
228 1631 345 1736 'Nolo
375 1670 504 1755 Hageni
534 1692 630 1754 quam
661 1692 827 1752 speramus
859 1670 897 1734 dc
926 1670 1018 1734 Iunio
1047 1671 1221 1757 Filargirio
1254 1672 1304 1736 vel
1334 1674 1444 1756 potius

173 1779 379 1864 Philargyrio
408 1777 661 1861 disputationem
695 1799 865 1862 occupare,
897 1777 978 1841 illud
1007 1783 1117 1842 tamen
1144 1778 1205 1843 hoc
1234 1780 1305 1843 loco
1334 1781 1445 1864 paucis

173 1886 399 1971 explicandum
424 1907 493 1949 esse
517 1884 619 1966 video,
646 1884 722 1968 quid
742 1884 907 1948 societatis
926 1885 1011 1947 inter
1026 1882 1172 1951 Servium
1192 1890 1224 1950 et
1243 1886 1448 1970 dilargirium

173 1996 226 2058 sit.
263 1997 361 2076 atque
386 1991 487 2075 siquis
512 1995 646 2075 quartae
671 1992 803 2075 eclogae
828 1991 1103 2075 explanationem,
1127 2015 1225 2077 quam
1249 2016 1328 2057 mus.
1344 1993 1448 2058 Rhen.

172 2101 192 2166 l.
217 2101 238 2165 1.
262 2099 361 2180 edidi,
384 2121 457 2162 cum
482 2097 636 2162 Serviano
662 2097 701 2161 ad
725 2096 810 2161 idem
834 2118 963 2161 carmen
987 2098 1218 2163 commentario
1243 2121 1447 2184 comparave-

173 2208 231 2288 rit,
259 2208 287 2271 is
311 2206 483 2270 admodum
509 2227 611 2290 pauca
635 2205 803 2287 utriusque
826 2206 1012 2268 communia
1035 2227 1105 2268 esse
1129 2205 1251 2270 videbit
1274 2202 1394 2293 (etad
1418 2231 1448 2272 v.

175 2317 192 2380 1
222 2316 243 2378 2
270 2315 292 2378 4
322 2315 363 2377 10
392 2313 433 2377 15
461 2313 503 2376 42
532 2313 574 2376 58
604 2308 758 2397 scholia):
794 2315 900 2376 cetera
922 2311 1088 2395 Filargirii
1116 2334 1216 2396 prope
1241 2315 1350 2378 omnia
1374 2337 1447 2378 cum

175 2421 330 2485 Bernensi
353 2419 585 2483 commentario
610 2418 823 2483 consentiunt.
861 2419 907 2482 sic
928 2440 966 2482 ex
985 2418 1051 2482 illis
1071 2418 1184 2510 etiam,
1208 2441 1290 2503 quae
1310 2418 1385 2483 adl
1404 2421 1445 2484 37

174 2526 261 2592 -ΙΙ
285 2529 328 2592 10
351 2526 439 2590 edita
463 2529 554 2608 sunt,
582 2527 678 2609 longe
701 2524 843 2607 plurima
865 2524 900 2587 in
922 2523 1142 2588 Bernensihus
1167 2547 1293 2609 quoque
1317 2525 1448 2611 Hageni

173 2635 266 2700 libris
290 2633 498 2698 inveniuntur
512 2670 555 2680 —
569 2632 653 2696 unde
676 2632 762 2695 haud
786 2632 903 2716 exigua
926 2653 1037 2695 eorum
1060 2632 1095 2695 in
1118 2633 1326 2697 emendandis
1346 2633 1448 2697 Filar-

175 2741 310 2827 girianis
338 2741 465 2805 utilitas
494 2743 544 2803 est
568 2777 625 2823 -,
652 2760 754 2822 neque
784 2738 958 2823 quidquam
985 2743 1073 2804 certo
1098 2740 1139 2805 ad
1162 2737 1308 2804 Servium
1333 2739 1448 2804 referri

174 2853 285 2932 potest
307 2847 371 2911 nisi
395 2845 425 2933 (I
445 2845 487 2910 65
506 2868 537 2928 p.
555 2846 604 2931 15,
617 2843 648 2932 1)
672 2847 718 2909 007
742 2845 842 2910 00000
864 2846 979 2926 7700100
1001 2845 1160 2927 Scythice:
1182 2848 1217 2911 10
1232 2846 1322 2913 Crete
1344 2848 1449 2913 insula

174 2979 237 3022 000
260 2960 315 3034 est,
344 2955 462 3039 quippe
487 2975 568 3037 quae
592 2952 783 3037 ipse1124
807 2975 865 3016 sua
889 2957 1065 3037 agnoscat„
1096 2953 1175 3017 illud
1200 2976 1341 3039 quoque,
1365 2956 1450 3040 quod

175 3065 256 3129 158
290 3062 328 3126 de
361 3065 464 3125 701701
496 3060 585 3123 vocis
618 3079 736 3142 genere
769 3058 960 3123 adnotatum
991 3063 1055 3144 est,
1088 3058 1277 3125 Servianam
1307 3061 1450 3125 indolem

177 3170 327 3235 ostendit.
370 3167 501 3254 egregia
525 3170 632 3230 autem
656 3165 714 3229 illa
738 3169 770 3229 et
793 3166 960 3230 recondita
983 3165 1142 3250 doctrina,
1167 3168 1257 3231 cuius
1276 3161 1450 3232 Danielina

177 3276 300 3340 scholia
328 3276 426 3358 plena
454 3295 523 3337 esse
553 3275 695 3353 constat,
726 3272 760 3335 in
787 3271 839 3335 his
868 3275 997 3336 tantum
1022 3272 1271 3355 deprehenditur
1299 3297 1380 3358 quae
1410 3275 1450 3337 ad

176 3383 192 3446 I
212 3384 254 3446 47
278 3402 354 3446 0010
377 3402 398 3445 0
420 3384 651 3444 010070...700
670 3382 825 3462 possessae,
850 3380 891 3442 57
911 3379 1083 3443 0070011100.
1100 3380 1296 3462 ..palumbes
1318 3381 1450 3461 reliquit,

177 3490 219 3554 65
245 3488 350 3552 Oaxen
370 3487 784 3551 Ρ7177717710000...107011010
806 3487 901 3568 dicte,
924 3487 964 3550 67
989 3507 1027 3550 eu
1049 3488 1451 3570 01000001...0710000170,

177 3595 211 3659 ΙΙ
234 3596 256 3659 4
278 3596 324 3660 007
347 3592 535 3659 ‘incondite’
559 3584 783 3675 101000011ρέ0.
799 3644 806 3656 .
822 3644 829 3657 .
847 3598 977 3657 temnere
1005 3593 1169 3677 adscripta
1197 3597 1282 3660 sunt.
1326 3594 1451 3679 reliqua

177 3704 217 3767 ab
242 3702 448 3785 antiquorum
472 3702 687 3785 interpretum
711 3701 892 3766 rationibus
917 3701 1025 3765 aliena
1048 3701 1207 3767 videntur.
1249 3702 1288 3767 cf.
1308 3701 1450 3765 Thomas

179 3809 276 3874 110001
299 3832 328 3892 p.
348 3809 412 3873 283
428 3830 497 3892 sqq.

265 3986 312 4050 De
340 3986 444 4049 tribus
473 3986 634 4050 codicibus
658 3986 851 4070 singillatim
876 3986 1044 4050 dicendum
1069 3992 1131 4051 est:
1169 3988 1207 4051 de
1237 3986 1448 4071 Regincnsi

179 4093 264 4157 1495
288 4091 355 4178 (R),
379 4092 417 4156 dc
440 4092 717 4175 Lemoviccnsi,
741 4115 825 4156 nunc
848 4093 997 4157 Leidensi
1020 4094 1106 4158 inter
1122 4094 1304 4159 Vossianus
1330 4094 1451 4158 latinos

177 4200 301 4264 formae
326 4203 458 4264 octavae
484 4201 526 4265 80
550 4197 616 4286 (L),
640 4200 677 4263 de
701 4199 888 4264 Vaticano
913 4202 998 4265 3317
1024 4199 1096 4286 (V).

266 4378 315 4442 Ac
338 4378 569 4463 Reginensis
598 4378 726 4464 quidem
755 4376 873 4442 CXXV
897 4379 1094 4443 membranis
1125 4379 1249 4443 formae
1273 4380 1449 4464 quadratae

178 4489 315 4549 constat.
350 4485 431 4551 folia
456 4487 564 4551 1-84
587 4485 726 4570 Vergilii
749 4485 893 4549 carmina
917 4487 1045 4551 saeculo
1069 4485 1157 4572 1111,
1179 4490 1216 4549 ut
1239 4486 1375 4566 videtur,
1399 4508 1449 4549 ex·

178 4596 271 4655 arata
293 4592 424 4657 habent.
470 4592 549 4657 folia
573 4593 739 4675 85-125,
768 4593 883 4677 quihus
907 4592 1048 4677 Vergilii
1075 4593 1143 4656 vita
1171 4615 1187 4656 e
1217 4592 1338 4657 Donati
1366 4614 1451 4656 com-

178 4699 337 4762 mentario
371 4699 500 4764 sublata
532 4703 564 4762 et
593 4697 696 4763 Servii
726 4698 766 4762 ad
794 4698 942 4763 bucolica
969 4703 1002 4762 et
1032 4701 1256 4785 georgicorum
1279 4699 1296 4762 I
1323 4699 1451 4763 1-375

180 4807 406 4893 commentarii
430 4806 644 4889 continentur,
669 4806 797 4869 saeculo
822 4805 944 4868 decimo
969 4807 1090 4890 scripta
1109 4809 1192 4870 sunt.
1225 4805 1325 4870 verba
1344 4827 1452 4890 gram-
