3354 5430
267 362 309 424 74
844 362 963 416 Sllltvll
1063 383 1066 387 ·

265 531 368 590 laincn
390 532 450 591 cst:
487 526 536 590 liis
559 526 714 609 adinnplt,
741 526 888 606 quomodo
912 527 1033 608 learn
1056 531 1170 590 nantcc
1193 527 1378 592 clamassent
1405 528 1439 590 in
1460 527 1548 607 fosete

264 634 412 698 relictam.

354 741 406 804 46.
443 762 662 804 ronranaran
687 757 881 805 Paslrflann
909 744 989 805 nota
1017 739 1128 804 fabula
1157 739 1362 805 Cretensium
1390 741 1547 825 reginam,

266 847 385 911 Minois
418 869 563 931 uxorem,
596 868 679 930 quae
709 849 795 912 tauri
827 870 937 912 amore
967 847 1121 933 flagravit
1150 853 1179 912 et
1211 849 1304 912 anna
1326 848 1547 912 Minotaurum

231 956 381 1020 scrinea
403 955 569 1019 clenentim
591 973 665 1019 snae
683 955 860 1036 inillicanit.
992 977 1104 1019 anona
1125 956 1252 1036 qnidam
1269 975 1329 1036 pro
1353 953 1404 1018 ‘in
1425 953 1546 1018 amore’

265 1062 428 1144 accminnt.

354 1168 407 1232 47.
445 1186 467 1230 A
490 1184 599 1233 VIRGO
622 1185 766 1231 lnnnmx
796 1167 836 1232 ad
864 1168 927 1232 hoo
954 1168 1098 1252 pertinet
1126 1168 1212 1251 quod
1241 1169 1287 1232 ait
1310 1166 1479 1252 ‘solatur',
1510 1172 1548 1232 ut

266 1276 352 1360 quod
381 1280 471 1340 amat
498 1278 644 1357 taurum,
676 1273 826 1338 fortunae
854 1273 959 1358 magis
988 1273 1135 1338 rideatur
1164 1295 1247 1356 esse,
1282 1294 1380 1356 quam
1410 1295 1547 1338 morum.

266 1383 360 1469 virgo
384 1387 508 1466 autem,
540 1387 578 1446 ut
601 1381 740 1445 diximus
764 1403 863 1464 supra
887 1379 959 1463 <111
982 1380 1062 1464 30>‚
1094 1379 1290 1445 aviridiore
1314 1383 1437 1464 aetate,
1468 1402 1546 1459 nam

216 1490 330 1555 roiam
363 1495 468 1555 mater
498 1489 605 1553 fuerat
634 1487 815 1571 Phaedrae,
848 1485 1007 1551 Ariadnes
1038 1493 1066 1552 et
1088 1486 1265 1572 Androgei.
1312 1486 1426 1552 Ocilcns
1448 1489 1485 1552 in
1507 1487 1546 1552 Io

266 1619 287 1661 a
321 1598 427 1679 sirpo
457 1597 608 1677 infelix,
641 1596 765 1660 herbis
789 1596 962 1677 pasceris
984 1596 1132 1659 cinaris.
1179 1595 1307 1675 annam
1337 1592 1453 1676 ‘sirpo'
1484 1615 1549 1660 non

266 1705 347 1784 qnod
368 1705 471 1768 circen
494 1704 548 1768 illo
572 1708 701 1784 ternpore
723 1722 784 1766 non
808 1701 941 1785 habaet,
964 1703 1018 1766 sed
1038 1703 1113 1784 qnia
1136 1702 1209 1766 talis
1231 1703 1379 1785 cipoena
1401 1702 1467 1766 iam
1485 1702 1547 1767 vir-

263 1812 333 1892 aini
356 1811 508 1874 destinata
531 1812 586 1893 sil,
608 1809 800 1891 intellepnnt,
823 1808 859 1872 ob
880 1808 964 1871 iram
981 1808 1095 1872 scilicet
1114 1808 1251 1892 Veneris,
1273 1829 1352 1890 qnae
1373 1810 1459 1873 irata
1471 1808 1548 1892 Soli,

266 1918 347 1998 qnod
367 1937 411 1995 sc,
434 1923 470 1982 nt
491 1917 619 1998 priscam
641 1916 759 1998 collant,
783 1913 952 1997 Anchisae,
978 1920 1015 1978 nt
1035 1916 1106 2000 alii,
1130 1915 1236 1980 Marti
1258 1917 1452 1980 coniunctam
1470 1937 1546 1998 pro-

215 2043 246 2090 15
266 2025 405 2107 didisset,
427 2024 558 2088 snlolern
580 2025 647 2088 eins
669 2022 837 2087 inhonestis
849 2022 1016 2086 canoribus
1038 2023 1174 2105 subiecit,
1200 2028 1235 2087 nl
1249 2021 1371 2105 Circen,
1396 2022 1548 2106 Medeam,

266 2129 453 2213 Pasiphaen.
482 2135 511 2194 et
531 2130 585 2195 loc
607 2131 694 2213 dicit,
717 2130 752 2194 in
775 2129 833 2193 illa
851 2129 1087 2193 conmiserabili
1105 2131 1258 2195 mnditia
1274 2130 1425 2210 feliciores
1440 2130 1547 2210 fnisse,

266 2259 344 2320 qnae
365 2259 396 2303 sc
418 2238 573 2302 animalia
595 2238 766 2321 creclebcnt,
794 2257 888 2318 anani
911 2234 1106 2320 Pasiphaen,
1133 2257 1213 2318 qliae
1238 2258 1309 2301 crim
1330 2237 1421 2302 sciret
1441 2256 1472 2302 se
1494 2236 1547 2302 no-

266 2347 389 2428 rnincln,
413 2351 539 2409 taccrnrn
560 2345 740 2410 sectabatur.
839 2365 925 2414 oran
947 2366 987 2406 rn
1007 2366 1177 2408 ananam
1202 2365 1295 2408 enarr
1314 2343 1364 2408 liic
1386 2343 1549 2426 ellanpurc

266 2454 367 2534 inopis
389 2473 484 2534 quan
506 2452 659 2516 consolari
681 2453 807 2516 videtne.
840 2473 883 2516 an
906 2451 982 2533 qnia
1004 2452 1189 2517 consolantis
1211 2457 1241 2516 et
1261 2451 1316 2516 loc
1338 2451 1476 2533 officinm
1494 2457 1547 2538 est,

214 2579 247 2624 no
265 2564 300 2622 nt
322 2564 484 2624 tricenteni
505 2560 635 2624 strictim
658 2564 686 2623 ct
707 2558 866 2642 oblarpet?

355 2668 408 2731 48.
445 2682 637 2732 raoumuas
662 2683 864 2730 innunavnr
888 2683 918 2731 a.
941 2683 976 2729 n.
1000 2683 1030 2730 A.
1060 2664 1229 2729 Proetides
1257 2663 1368 2729 Proeti
1397 2669 1430 2730 et
1453 2663 1547 2731 Sthe

266 2774 418 2856 neboeae,
441 2773 509 2837 sive
532 2773 697 2858 Antiopae
721 2773 897 2838 secundum
920 2771 1099 2858 Homerum
1123 2772 1211 2836 filiae
1234 2772 1378 2855 fuerunt,
1401 2772 1547 2858 Lyse'pipe,

266 2881 406 2963 Iphinoe,
429 2880 628 2964 Iphianassa.
674 2880 736 2945 hae
760 2903 794 2945 se
818 2903 891 2944 oum
914 2878 1031 2944 Iunoni
1054 2881 1087 2945 in
1110 2878 1352 2966 pulchritudine
1375 2881 1547 2964 praetulis-

268 2992 341 3052 sent
363 3024 404 3034 -
428 2987 487 3071 ccl,
509 2992 545 3051 nt
565 2988 693 3068 ananan
715 2989 834 3071 colant,
857 3007 926 3052 cnrn
948 2992 1046 3052 essent
1067 2989 1232 3070 antistites,
1259 3006 1355 3051 arisae
1376 2992 1450 3053 sant
1471 2991 1547 3053 aest'

359 3169 390 3217 10
415 3162 516 3217 Calvus
540 3163 570 3216 in
593 3161 637 3234 Io]
661 3163 761 3233 fragm.
783 3169 816 3216 16
835 3179 879 3232 ap.
899 3162 1111 3216 Lachmannum
1131 3161 1232 3217 Catuli.
1251 3180 1278 3231 p.
1294 3168 1328 3218 86
1355 3163 1365 3231 1
1394 3169 1426 3218 16
1445 3166 1474 3218 et
1492 3163 1547 3220 hoc

268 3233 337 3286 dicit
349 3278 353 3288 .
365 3235 572 3305 ..sectabatur]
594 3233 629 3288 cf.
650 3234 772 3290 Macrob.
792 3234 848 3290 Sat.
868 3233 907 3287 IV
927 3240 951 3300 6,
966 3234 1052 3302 31121
1072 3233 1232 3305 Proetides]
1252 3232 1286 3288 cf.
1306 3235 1447 3304 mythogr.
1466 3234 1479 3287 I
1498 3240 1545 3303 853

267 3305 291 3357 Il
312 3311 353 3358 68.
392 3304 470 3360 Luot.
490 3305 565 3360 Plac.
585 3306 620 3359 ad
641 3305 711 3361 Stat.
731 3305 817 3360 Theb.
837 3305 947 3358 111453

267 3420 478 3429 ———-—.-

357 3472 373 3520 3
392 3466 501 3537 fabula]
521 3469 564 3521 est
582 3467 645 3522 add.
665 3467 692 3519 L
710 3469 720 3536 11
738 3467 837 3536 regina
856 3466 884 3520 P
899 3468 909 3536 11
932 3473 948 3520 4
967 3464 1099 3536 flagravit
1129 3469 1162 3521 ut
1180 3468 1242 3535 (ora.
1260 3465 1338 3532 ΑΗ)
1358 3466 1546 3535 cataclysmus

267 3554 399 3592 caucasus
423 3540 603 3606 prometheus
627 3537 775 3595 deucalion
797 3538 925 3592 hercules
949 3537 1072 3604 hylasc
1113 3538 1240 3592 .APH
1273 3554 1392 3605 cumque
1411 3537 1441 3591 in
1459 3554 1546 3608 grege

267 3610 386 3663 armenti
405 3609 527 3678 quadam
546 3611 666 3664 iuuenca
683 3609 787 3679 iupiter
805 3609 834 3663 in
853 3610 965 3663 taurum
984 3625 1134 3664 conuersus
1153 3609 1326 3677 frequentius
1340 3611 1475 3677 uteretur,
1494 3607 1546 3664 illa

268 3680 395 3751 appetito
413 3681 488 3736 tauri
507 3681 630 3735 eiusdem
648 3683 748 3752 utpote
767 3680 814 3736 dei
832 3680 982 3735 concubitu
1001 3679 1134 3736 dedalum
1152 3676 1265 3749 rogauit
1282 3682 1315 3733 ut
1333 3680 1392 3734 eius
1406 3681 1466 3734 arte
1480 3697 1544 3735 cum

268 3754 319 3807 deo
348 3754 531 3807 concumbere
559 3756 663 3822 posset.
701 3753 823 3807 Dedalus
847 3768 914 3821 ergo
936 3752 1085 3806 iuuencum
1108 3752 1225 3806 eandem
1248 3751 1391 3806 excorians
1421 3750 1545 3820 ligneam

268 3841 382 3878 uaccam
405 3824 485 3877 finxit
509 3825 682 3892 eandemque
706 3824 781 3879 corio
804 3825 920 3878 iuuenca
945 3823 1051 3878 extinte
1075 3822 1186 3893 operuit
1209 3823 1239 3877 et
1256 3821 1286 3876 iu
1306 3839 1339 3876 ea
1358 3820 1484 3892 reginam
1503 3823 1546 3877 ita

267 3896 391 3965 rilrtarrit,
411 3899 442 3950 ut
460 3895 575 3949 ueniens
594 3894 699 3964 iupiter
716 3896 745 3950 in
764 3900 876 3949 taurum
894 3896 1020 3950 mutatus
1039 3910 1101 3949 eam
1122 3912 1177 3963 qua
1195 3893 1237 3948 uti
1263 3893 1374 3949 solebat
1391 3892 1544 3949 aestimans

267 3986 331 4091 cutm
349 3966 456 4090 regina1
460 3967 669 4092 ,coutcuufiberet
698 3969 727 4021 et
746 3967 910 4090 1111111111
931 3968 982 4020 est.
1019 3963 1476 4090 111111ιῖ1111ἀ111111111ἐο1111111
1496 3965 1544 4090 1111

267 4042 514 4164 iiatrixreldlirsii.ba
524 4054 943 4165 dedoiiddcedoiilihtdosuaritruest’
956 4053 1198 4163 fiiiidsdisidni
1219 4053 1316 4177 iirilsiiee
1325 4053 1399 4188 ¹duiri
1418 4053 1545 4176 decliuia

266 4179 378 4236 notario
402 4181 456 4234 uiri
479 4182 521 4234 sui
544 4180 645 4235 minois
671 4180 782 4234 nomine
806 4181 879 4234 tauri
902 4181 932 4234 iu
955 4179 1038 4234 domo
1069 4180 1164 4233 dedali
1194 4180 1354 4234 concubuit.
1399 4178 1473 4232 unde
1497 4179 1546 4247 qui

267 4255 350 4307 natus
375 4255 417 4306 ost
439 4251 612 4306 minotaurus
631 4251 736 4306 idcirco
756 4252 873 4305 uocatus
892 4255 936 4305 est
955 4250 1087 4320 quoniam
1105 4251 1178 4304 falso
1197 4249 1297 4304 minois
1316 4249 1390 4303 filius
1409 4249 1544 4304 credeba-

267 4327 320 4380 tur,
358 4339 388 4377 re
407 4325 500 4376 autem
520 4339 587 4377 uera
605 4322 679 4377 tauri
698 4322 800 4378 notarii
819 4321 878 4377 eius
896 4322 969 4377 filius
989 4324 1050 4376 erat
1068 4324 1132 4376 add.
1151 4322 1202 4391 Ru
1221 4320 1314 4376 emixa
1332 4322 1358 4374 L
1372 4323 1411 4390 18
1432 4321 1545 4377 uidetur

267 4396 330 4449 ΑΡ
342 4398 382 4464 119
401 4397 432 4448 ut
451 4393 557 4447 dietum
577 4395 620 4447 est
638 4394 809 4520 11111111ῐὲ
827 4395 904 4448 dicta
922 4396 965 4449 est
984 4395 1048 4448 add.
1068 4394 1095 4447 Il
1108 4396 1118 4462 11
1134 4399 1166 4447 10
1185 4393 1300 4447 ariadne
1319 4393 1346 4445 L
1358 4394 1367 4462 11
1381 4393 1482 4462 galune
1501 4392 1545 4463 Lll

269 4474 302 4520 13
321 4465 486 4535 intelligunt
504 4465 530 4518 L
544 4467 553 4532 11
567 4465 625 4519 sole
644 4466 684 4534 L,
703 4464 763 4520 Soli
808 4508 814 4520 .
833 4466 927 4520 Danic
977 4471 1009 4518 14
1028 4468 1060 4518 ut
1078 4464 1128 4519 alii
1145 4481 1205 4535 epo:
1225 4467 1274 4518 aut
1293 4464 1342 4518 alii
1360 4464 1387 4516 L
1405 4466 1414 4531 1
1434 4468 1467 4517 15
1487 4479 1544 4518 me·

268 4539 343 4591 diam
361 4539 400 4603 L,
419 4554 488 4591 corr.
499 4537 508 4589 l
521 4536 530 4605 11
547 4543 579 4590 16
597 4537 728 4606 passipen
747 4536 773 4589 L
786 4539 796 4606 1
810 4537 913 4591 dicitur
929 4466 1036 4591 llianiel
1049 4539 1058 4607 11
1075 4543 1106 4590 17
1125 4537 1258 4605 passipen
1276 4535 1303 4588 L
1316 4537 1325 4605 11
1342 4541 1374 4589 18
1393 4554 1485 4589 courir
1505 4534 1545 4606 Lll

268 4609 410 4679 obiurgari
429 4609 439 4662 l
461 4609 470 4677 11
495 4613 527 4661 19
547 4609 686 4662 consolari
704 4608 845 4663 consulam
864 4609 891 4661 L
910 4607 1065 4675 (consolam
1084 4609 1134 4662 del.
1155 4609 1174 4675 l)
1198 4609 1208 4676 11
1235 4605 1408 4661 consolantis
1426 4608 1545 4661 Daniel:

268 4680 420 4734 consolatis
440 4680 467 4733 L
498 4676 682 4734 consolatoris
701 4681 712 4734 l
733 4681 742 4748 1
765 4679 884 4734 offitium
903 4680 930 4733 L
947 4681 957 4748 1
977 4686 1013 4734 20
1031 4681 1203 4734 moerentem
1222 4679 1254 4733 P.
1274 4678 1401 4746 Danieli!
1415 4683 1448 4731 21
1469 4677 1544 4733 sthe-

267 4751 376 4805 ueboae
395 4750 523 4804 BPHL
559 4751 690 4807 steneboe
709 4752 738 4806 R
759 4753 769 4821 11
791 4757 825 4804 22
845 4750 998 4819 anthiopoe
1016 4752 1043 4805 A
1080 4750 1231 4819 anthiopae
1249 4749 1350 4805 BPH.
1388 4752 1469 4804 immo
1488 4751 1544 4803 An·

267 4823 402 4891 11111123
421 4821 537 4895 Iphinoe
556 4821 720 4895 Iphianassa
738 4840 785 4899 eqo
804 4823 849 4891 (cs.
868 4822 1000 4897 mythopr.
1019 4822 1056 4893 I):
1075 4821 1197 4894 ippouoe
1217 4819 1378 4892 cyriauassa
1395 4820 1422 4875 L
