3354 5430
712 357 925 414 PRAEFATIO.
1431 362 1455 415 V

181 545 305 607 camus,
339 545 434 606 quam
468 523 566 587 habet
598 525 762 607 θυτήριον
796 545 869 587 vox:
906 529 943 587 ut
972 545 1038 587 non
1069 523 1194 588 librarii
1224 529 1366 608 tantum,
1399 525 1454 590 sed

181 631 278 694 etiam
304 627 408 694 Servii
430 630 533 714 ipsius
557 652 648 694 error
670 634 833 695 correctus
857 630 909 694 sit.

269 735 392 800 Deinde
405 735 600 801 APHBM
620 737 713 801 libris
737 738 910 801 nonnullae
933 747 1109 821 paucorum
1128 739 1301 803 verborum
1320 740 1454 803 lacunae

180 865 366 909 communes
395 847 484 928 sunt,
510 828 643 907 librarii¹
663 844 853 928 plerumque
882 844 922 907 ad
950 843 1036 907 idem
1059 845 1193 908 verbum
1218 845 1333 928 exiguo
1357 845 1454 909 inter-

180 951 266 1016 vallo
294 951 470 1034 repetitum
499 951 679 1015 aberrantis
706 949 913 1035 neglegentia
943 952 1087 1015 effectae:
1121 974 1202 1035 quae
1229 974 1294 1016 non
1322 952 1453 1017 fuerunt

178 1059 212 1122 in
236 1057 476 1122 Lemorieensis
500 1063 533 1121 et
555 1057 708 1122 Vaticani
731 1057 915 1141 archetypo.
956 1062 993 1122 ut
1017 1058 1163 1143 exempla
1186 1058 1358 1142 proferam,
1383 1060 1454 1125 buc.

180 1164 226 1229 VI
250 1165 293 1229 35
316 1165 547 1228 interciderunt
574 1186 605 1229 se
627 1167 741 1229 ducere
763 1166 891 1246 coeperit
911 1165 1030 1229 solam.
1046 1216 1052 1228 .
1069 1165 1215 1229 ‚mactat
1236 1167 1329 1229 ctiam
1352 1187 1452 1247 parem-

176 1272 356 1354 cdmodum,
380 1272 450 1336 buc.
465 1270 546 1335 VIII
569 1274 591 1335 4
614 1272 783 1353 duplicem.
800 1323 805 1334 .
822 1273 973 1353 ‚qrriesca
996 1293 1107 1356 georg.
1130 1270 1177 1335 IV
1192 1272 1256 1336 238
1274 1272 1453 1353 petiebatur

184 1399 354 1460 ...quam
378 1377 442 1442 363
465 1398 541 1442 auur
564 1381 652 1443 certis
674 1379 778 1443 diebus
800 1380 835 1442 iu
857 1380 965 1443 sacris,
1002 1379 1073 1443 bue.
1093 1378 1157 1443 VII
1181 1380 1223 1443 58
1247 1400 1316 1443 cam
1336 1400 1451 1461 periere,

176 1485 261 1571 quod
285 1484 389 1550 Servii
412 1507 482 1549 esse
506 1489 649 1568 constat,
672 1509 756 1549 unus
780 1485 1021 1550 Lemovicensis
1045 1486 1158 1568 habet,
1182 1507 1292 1571 georg.
1315 1485 1362 1550 IV
1385 1488 1451 1552 234

176 1595 312 1658 tendere.
329 1645 335 1656 .
351 1599 529 1675 coeperunt
557 1615 639 1656 unus
662 1592 841 1657 Vaticanus
866 1597 898 1657 et
921 1592 1074 1658 Isidorus.
1121 1594 1159 1658 cf.
1185 1594 1293 1659 adnot.
1319 1595 1452 1684 crit.,ad

176 1721 286 1786 georg.
319 1699 366 1764 IV
399 1701 472 1764 447.
523 1699 719 1765 Vaticanum
754 1704 861 1764 autem
894 1701 934 1764 ad
968 1723 1077 1786 georg.
1112 1700 1162 1764 III
1195 1702 1261 1765 340
1293 1701 1451 1765 scholium

176 1806 290 1871 Servio
310 1806 537 1871 vindicandum
562 1829 645 1891 esse,
668 1807 789 1872 Lucani
808 1830 904 1872 versu
924 1809 1061 1892 exempli
1081 1831 1178 1873 causa
1198 1813 1452 1873 commemorato

174 1914 347 1997 probatur:
371 1936 446 1976 narn
472 1916 513 1978 ab
537 1913 680 1998 antiquis
703 1913 935 1998 interpretibus
955 1915 1119 1979 Lucanum
1144 1918 1209 1979 n'on
1233 1937 1303 1980 esse
1326 1916 1361 1979 in
1384 1917 1451 1981 ido-

174 2043 309 2085 neorum
338 2024 506 2086 auctorum
540 2043 675 2085 numero
708 2021 871 2105 habitum,
903 2020 1069 2086 Adolfus
1101 2021 1304 2106 Kiessling
1342 2024 1451 2088 docuit

174 2128 209 2191 in
233 2128 387 2193 Richardi
410 2127 553 2213 Halfpap
584 2152 669 2194 nom.
692 2128 789 2192 Klotz
818 2129 1063 2211 quaestionibus
1092 2126 1256 2194 Servianis
1285 2152 1315 2213 p.
1337 2130 1450 2216 lsq.¹)

176 2236 246 2300 buc.
261 2234 326 2299 VII
350 2236 393 2300 34
417 2233 462 2322 (p.
483 2237 539 2320 88,
558 2233 593 2322 3)
619 2235 704 2320 quod
727 2235 759 2298 in
785 2235 935 2299 omnibus
960 2233 1124 2300 Servianis
1148 2237 1240 2300 libris
1263 2237 1372 2321 inepte
1396 2239 1449 2302 ad·

174 2342 277 2406 ditum
302 2345 351 2407 est
374 2345 622 2427 consideratione,
646 2342 771 2407 omittit
794 2341 938 2406 Danielis
963 2342 1054 2406 liber.

264 2449 378 2513 Restat
401 2454 438 2513 ut
461 2451 500 2520 de
524 2433 645 2515 maiore
669 2450 807 2536 quodam
831 2449 1055 2514 bucolicorum
1080 2451 1304 2514 commentarii
1325 2450 1448 2515 defectu

173 2557 303 2640 loquar,
330 2557 398 2640 qui,
428 2579 500 2621 cum
524 2557 643 2642 viginti
666 2561 820 2642 quattuor
850 2557 1072 2639 membranae,
1103 2579 1184 2640 quae
1209 2557 1286 2620 olim
1311 2557 1449 2640 primum

173 2663 279 2727 locum
306 2667 479 2728 tenuerunt
502 2665 536 2728 in
559 2664 783 2729 Lemovicensi
810 2662 1006 2745 interierint,
1039 2663 1164 2727 idemne
1191 2663 1225 2726 in
1249 2665 1317 2727 eius
1342 2663 1449 2728 arche-

173 2774 252 2854 typo
276 2769 376 2834 fuerit
398 2772 558 2836 incertum
583 2775 639 2836 est.
680 2771 845 2854 perierunt
865 2771 949 2833 enim
972 2771 1081 2834 nescio
1106 2792 1170 2854 quo
1194 2792 1269 2833 casu
1294 2767 1449 2834 Seruiana

173 2877 305 2941 adbuc.
330 2877 345 2940 Ι
369 2880 454 2942 37-
468 2878 502 2942 II
528 2880 569 2943 10
593 2878 730 2961 scholia3
753 2877 824 2942 hiat
848 2881 957 2941 autem
981 2876 1231 2942 commentarius
1255 2877 1288 2940 in
1312 2877 1392 2962 AB,
1414 2878 1448 2941 in

109 3023 112 3032 ·
173 2984 291 3048 PHM
310 2985 400 3049 etin
427 2985 600 3071 Reginensi
625 2985 724 3068 1495,
748 2985 785 3048 de
810 3007 873 3069 quo
897 2974 983 3048 infra
1008 2984 1126 3071 dicam,
1149 2985 1196 3048 ita
1219 2986 1366 3068 expletus
1390 2990 1449 3069 est,

174 3094 209 3154 ut
237 3113 275 3154 ex
304 3093 460 3176 ampliore
487 3091 573 3157 Iunii
600 3091 768 3176 Filargirii
796 3091 1015 3156 bucolicorum
1045 3092 1271 3176 explanatione
1301 3114 1339 3155 ea
1368 3114 1448 3174 quae

174 3197 214 3262 ad
243 3221 354 3263 versus
382 3200 458 3264 illos
486 3199 686 3284 pertinerent
714 3199 1024 3263 transcriberentur:
1058 3198 1139 3261 duae
1163 3199 1248 3262 enim
1273 3203 1448 3281 supersunt

172 3304 336 3390 Filargirii
362 3309 620 3392 explanationes,
646 3329 727 3390 quae
746 3328 784 3369 ex
804 3306 915 3369 eodem
936 3305 1168 3370 commentario
1188 3327 1253 3369 non
1273 3306 1314 3369 ab
1335 3306 1447 3370 eodem

172 3413 304 3476 homine
337 3413 484 3478 videntur
512 3418 680 3499 excerptae
709 3435 778 3477 esse
807 3410 860 3496 (cf.
889 3434 971 3476 mus.
1000 3411 1102 3476 Rhen.
1129 3410 1191 3475 XV
1219 3435 1249 3496 p.
1277 3412 1338 3475 119
1355 3411 1447 3498 sqq.).

172 3523 286 3598 extant
310 3524 418 3584 autem
442 3520 476 3584 in
500 3521 664 3586 codicibus
688 3519 949 3605 Laurentiano
973 3520 1054 3603 plut.
1077 3518 1120 3582 45
1144 3519 1213 3583 cod.
1239 3519 1281 3582 14
1304 3541 1385 3583 saec.
1408 3518 1447 3586 X.

172 3632 204 3692 et
232 3627 414 3692 Parisino
440 3629 525 3694 7960
557 3628 699 3691 eiusdem
730 3625 861 3709 aetatis,
895 3649 975 3709 quos
1004 3625 1043 3689 ad
1072 3626 1270 3690 emendanda
1298 3648 1336 3689 ea
1363 3648 1444 3710 quae

171 3758 230 3820 pro
250 3732 414 3799 Servianis
438 3734 487 3798 edi
513 3734 619 3798 solent
643 3756 714 3799 cum
729 3733 879 3798 PHMR
902 3732 994 3797 libris
1020 3733 1161 3797 adhibui.
1192 3732 1445 3797 Laurentianum

172 3843 202 3906 L
229 3842 279 3906 vel
302 3842 411 3926 Leuc,
439 3840 622 3906 Parisinum
647 3842 686 3905 N
707 3844 784 3903 nota
811 3839 979 3924 insignivi3
1016 3840 1070 3903 sed
1095 3862 1166 3904 cum
1192 3839 1372 3904 consentire
1397 3862 1446 3904 so-

264 4109 290 4174 1)
311 4105 448 4171 Quoniam
468 4107 526 4160 eius
546 4105 789 4160 commentationis
808 4104 978 4159 mentionem
996 4103 1064 4169 feci,
1083 4103 1179 4158 oblata
1198 4104 1343 4158 occasione
1363 4121 1445 4172 quae-

172 4178 236 4232 dam
260 4194 402 4232 removere
425 4178 532 4246 placet,
557 4192 628 4244 quae
651 4194 668 4230 a
692 4194 737 4230 me
761 4177 837 4230 dicta
857 4193 914 4232 esse
933 4176 1034 4230 iuiuria
1053 4175 1176 4244 Halfpap
1195 4176 1331 4229 adfirmat.
1371 4177 1445 4243 quod

85 4313 88 4318 ,
190 4249 258 4303 raef.
279 4269 304 4318 p.
320 4248 420 4302 XLVII
439 4250 533 4303 adnot.
555 4255 568 4301 1
593 4249 665 4317 quod
680 4242 843 4316 Ἀφρόδιτον
866 4253 979 4302 uocatur
1004 4249 1090 4301 verba
1109 4247 1144 4301 ab
1162 4246 1242 4300 Italis
1261 4247 1366 4301 saeculi
1385 4247 1444 4302 XV.

171 4269 306 4375 Ι8111111110
326 4320 362 4374 ad
382 4323 448 4373 Aen.
468 4320 494 4371 II
514 4325 565 4373 632
585 4319 690 4373 'scholio
710 4336 725 4372 e
744 4319 886 4374 Macrobio
906 4319 975 4386 (Sat.
993 4317 1033 4371 III
1051 4324 1075 4385 8,
1093 4319 1118 4386 1)
1138 4317 1281 4387 adscripta
1300 4328 1360 4372 esse
1379 4318 1445 4387 dixi,

172 4393 201 4446 id
221 4408 284 4461 pag.
300 4398 334 4445 29
352 4391 394 4444 ita
411 4392 619 4460 interpretatur,
639 4390 719 4458 quasi
734 4390 911 4444 Danielinum
930 4390 1068 4445 scholium
1083 4407 1098 4443 e
1113 4388 1306 4443 Saturnalibus
1325 4389 1445 4458 petitum

172 4479 233 4517 esse
253 4463 407 4529 statuerim,
428 4479 545 4529 eumque
564 4478 687 4517 errorem
706 4463 801 4514 multis
820 4460 912 4516 verbis
929 4460 1052 4516 refutare
1072 4459 1221 4515 contendit.
1260 4461 1445 4529 1154111111-

171 4536 248 4589 certo
267 4551 311 4587 me
338 4534 493 4601 relinquere
521 4532 574 4601 ait,
602 4552 668 4586 num
693 4532 842 4588 Servianus
868 4535 1084 4587 commentarius
1111 4532 1220 4602 integer
1244 4534 1369 4586 servatus
1393 4533 1444 4585 sit:

170 4623 226 4673 qua
249 4621 279 4659 re
303 4621 332 4659 se
354 4622 411 4659 non
433 4606 535 4674 legisse
559 4603 655 4672 prodit
677 4604 751 4672 quod
774 4624 801 4674 p.
821 4605 894 4658 XLV
905 4622 964 4672 sqq.
988 4605 1111 4673 exposui.
1149 4603 1269 4672 denique
1293 4603 1367 4670 quod
1387 4622 1413 4670 p.
1430 4610 1454 4656 1·

171 4677 494 4802 argulrnentasquaedagr
514 4676 852 4800 eomgrremorfft,dquibus
877 4676 1055 4801 ‘pralecipug‘t
1069 4693 1134 4757 usus
1153 4673 1444 4801 siin'mliiiDanie'liii

171 4764 1197 4889 8111111111131,ῗ11ἕὶ111111111111111011ξέ1111
1235 4876 1247 4899 ,
1299 4765 1324 4816 ⁸’
1344 4764 1392 4814 ‘¹¹¹¹
