3354 5430
218 389 284 452 254
794 385 912 441 snavn

221 552 378 617 cadavera
400 572 553 635 quaerere
578 549 770 613 viderentur.
817 550 871 612 sed
896 571 968 612 cum
992 548 1065 611 inde
1089 549 1235 633 plerique
1259 549 1453 633 caderent,
1436 573 1491 621 333-

219 662 350 723 ventum
380 665 441 741 est,
475 656 660 721 utformas
689 657 730 721 ad
759 655 823 719 oris
853 656 902 719 sui
932 653 1047 718 similit
1048 655 1176 719 udinem
1204 656 1409 719 facerentet
1395 659 1493 720 teas

220 787 279 850 pro
304 788 337 829 se
362 787 534 848 suspensas
559 768 733 828 moverent.
711 763 905 827 ttunde
873 767 905 826 et
929 763 1043 827 oscilla
1067 762 1153 826 dieta
1118 766 1253 825 tsunt
1277 761 1318 826 ab
1342 784 1389 846 eo,
1408 763 1494 846 quod

221 873 254 934 in
278 871 328 936 his
351 872 549 957 cillerentur,
573 871 605 934 id
630 874 679 934 est
702 871 908 934 moverentur
931 891 1001 932 ora:
1024 890 1100 932 nam
1125 867 1258 932 ‘cillere'
1282 874 1333 932 est
1356 890 1494 952 movere,

186 995 202 1043 3
221 979 304 1042 unde
328 982 361 1042 et
383 977 529 1042 furcillae
554 978 659 1041 dictae
684 980 773 1054 sunt,
798 977 914 1060 quibus
933 975 1098 1039 frumenta
1117 974 1276 1038 cillentur.
1308 975 1365 1040 alii
1384 976 1495 1040 dicunt

222 1085 335 1149 oscilla
363 1107 433 1148 esse
462 1085 608 1148 membra
631 1083 738 1146 virilia
762 1083 799 1145 de
824 1081 959 1151 floribus
982 1082 1083 1165 facta,
1108 1104 1188 1165 quae
1213 1082 1495 1166 suspendebantur

222 1214 278 1276 per
304 1191 552 1255 intercolumnia
580 1191 642 1272 ita,
665 1194 701 1253 ut
728 1190 762 1252 in
787 1211 824 1253 ea
848 1188 1008 1271 homines,
1033 1189 1173 1274 acceptis
1198 1189 1316 1254 clausis
1336 1190 1494 1273 personiS,

221 1299 427 1383 inpingerent
450 1301 482 1361 et
506 1320 544 1360 ea
567 1319 622 1360 ore
646 1298 807 1377 cillerent,
839 1296 945 1359 idest
969 1300 1149 1379 moverent,
1184 1296 1224 1359 ad
1247 1297 1348 1360 risum
1372 1296 1493 1380 populo

223 1405 496 1470 commovendum.
529 1408 561 1469 et
584 1404 645 1468 hoc
669 1405 702 1467 in
723 1402 853 1486 Orpheo
877 1403 995 1466 lectum
1016 1408 1074 1468 est.
1098 1389 1366 1487 'prudentioribus
1385 1409 1496 1467 tamen

171 1529 204 1578 10
224 1512 312 1576 aliud
336 1513 456 1596 placet,
480 1511 534 1594 qui
558 1511 667 1574 dicunt
692 1533 783 1574 sacra
806 1510 915 1574 Liberi
940 1511 1042 1594 patris
1063 1510 1102 1574 ad
1122 1510 1349 1593 purgationem
1369 1511 1496 1574 animae

223 1620 391 1705 pertinere.
429 1619 533 1683 omnis
558 1622 665 1683 autem
690 1622 808 1702 purgat
811 1619 840 1681 io
866 1622 923 1681 aut
946 1639 1035 1700 per
1026 1617 1204 1702 aquamfit
1227 1622 1284 1680 aut
1306 1639 1363 1700 per
1385 1617 1494 1702 ignem

226 1731 283 1791 aut
305 1749 363 1811 per
387 1748 506 1806 aerem,
531 1725 613 1789 sicut
637 1724 701 1788 t
693 1747 727 1787 111
751 1727 821 1787 sex
824 1746 842 1788 o
867 1724 913 1787 ait
938 1723 1046 1806 <740>
1071 1725 1172 1788 aliae
1196 1723 1450 1808 panduntur
1441 1747 1497 1788 ru·

225 1856 315 1897 anes
340 1854 551 1916 suspensae
571 1831 616 1894 ad
635 1834 724 1894 vent
731 1853 785 1913 οε,
805 1831 897 1895 aliis
918 1831 987 1894 sub
1007 1832 1161 1915 gurgite
1181 1835 1291 1894 vasto
1310 1830 1497 1895 infectum

224 1940 369 2003 eluitur
402 1940 527 2003 scelus
561 1942 626 2002 aut
658 1939 833 2002 exuritur
866 1937 962 2021 igni:
994 1942 1030 2001 ut
1058 1960 1143 2002 nunc
1173 1960 1230 2022 per
1254 1938 1368 2002 oscilla
1392 1960 1494 2024 genus

174 2064 206 2114 15
226 2046 444 2132 purgationis,
480 2046 566 2130 quod
594 2050 644 2109 est
672 2045 860 2134 maximum,
893 2045 1135 2130 intellegamus,
1166 2067 1244 2109 nam
1276 2045 1416 2129 primum
1450 2050 1499 2110 est

225 2175 341 2237 aquae,
373 2153 545 2217 secundum
577 2151 676 2237 ignis,
708 2152 841 2214 tertium
872 2151 964 2215 aeris.
1010 2156 1039 2215 33
1059 2153 1168 2216 aliter:
1206 2146 1345 2216 ‘mollia'
1369 2152 1497 2234 1333333

224 2259 382 2326 <3331333333.
427 2264 456 2324 33
477 2261 595 2324 videtur
623 2259 776 2342 1133933333
798 2260 972 2340 opinionem
995 2259 1120 2323 33333333
1142 2261 1239 2342 sequi,
1269 2261 1323 2340 qai
1345 2260 1380 2322 33
1402 2257 1496 2323 33333-

224 2388 288 2431 rem
301 2367 407 2431 In'berc'
419 2369 525 2449 putris
538 2372 654 2449 333333
672 2366 778 2432 oscilla
796 2367 954 2448 33333333,
972 2369 1053 2448 quod
1071 2369 1136 2431 3333
1150 2369 1191 2431 333
1202 2368 1359 2450 pendulus
1370 2368 1499 2448 fructae.

224 2475 329 2539 oscilla
355 2480 457 2538 3333333
480 2476 574 2557 313333,
604 2475 838 2556 3333333333
861 2475 1094 2554 capracora
1117 2475 1289 2539 3333333333
1312 2475 1346 2538 33
1368 2476 1499 2538 33333333

172 2600 206 2648 no
219 2583 347 2663 perticis
368 2582 551 2664 figebantur,
584 2583 647 2645 3333
668 2583 742 2661 quia
765 2581 845 2644 13333
868 2581 971 2645 lusum
996 2582 1065 2646 0333
1087 2583 1233 2646 3333333333·
1253 2582 1427 2704 frequenter
1449 2602 1498 2645 ex-

225 2709 353 2753 33333333
375 2694 404 2752 3
425 2710 565 2772 33331333
588 2689 721 2752 13333333
744 2689 900 2770 sparsisse

314 2795 388 2859 390.
425 2811 509 2859 Hinc
535 2812 695 2859 03333333.
718 2815 747 2858 P.
772 2814 803 2860 v.
827 2812 856 2858 P
881 2799 957 2878 post
980 2795 1060 2859 haec
1083 2817 1176 2860 sacra
1199 2794 1369 2859 celebrata.

314 2903 387 2966 392.
425 2919 615 2967 3303333333
639 2901 817 2986 pulchrum.

314 3010 387 3073 393.
424 3025 517 3074 Pnuo
541 3026 622 3071 333333
645 3026 736 3073 svvn
761 3028 791 3072 P.
807 3027 839 3072 n.
855 3027 888 3072 33.
911 3008 995 3073 iuste
1015 3009 1115 3093 igitur
1134 3007 1243 3071 Liberi
1264 3009 1501 3074 celebrabimus

174 3134 207 3181 33
227 3137 326 3179 sacra.
372 3120 401 3178 33
422 3116 529 3179 aliter:
554 3114 649 3196 ‘erqo’
671 3121 781 3180 3333333
800 3137 858 3196 pro
883 3113 1012 3179 ‘mallo'
1035 3116 1189 3179 dicebant:
1212 3116 1284 3179 binc
1308 3115 1444 3180 Plautus
1465 3117 1502 3179 33

227 3222 332 3286 Milite
353 3223 486 3305 93333333
505 3220 547 3305 <1
574 3224 589 3284 1
597 3221 684 3304 ,61>
708 3222 829 3286 3333333
852 3221 1095 3287 3133333333
1042 3228 1095 3286 333
1115 3224 1242 3304 inquit
1230 3222 1364 3286 3333333.
1394 3225 1501 3286 immo

226 3350 304 3394 3333
323 3329 464 3408 fraer
487 3349 570 3410 erpo
593 3334 771 3394 mecastor
788 3329 918 3410 pulcer
940 3334 1001 3392 333.
1039 3330 1148 3393 eret
1168 3349 1289 3394 333333
1312 3330 1428 3406 merito,
1452 3330 1502 3393 33-

225 3438 305 3517 33333,
327 3456 418 3501 sacru
438 3436 589 3514 faciemus
611 3435 653 3515 33,
676 3436 763 3499 333333
786 3435 928 3516 beneficio
950 3436 1053 3499 333333
1070 3438 1266 3517 proueniunt.

316 3543 389 3607 394.
418 3558 628 3605 3333333333
647 3558 784 3606 Parrus
807 3541 839 3604 id
859 3545 908 3604 est
927 3539 1075 3605 Romana
1093 3543 1220 3627 lingua3
1244 3543 1397 3627 pleraque
1416 3541 1502 3606 enim

179 3670 213 3718 30
233 3673 324 3715 sacra
347 3671 406 3733 pro
431 3649 576 3734 gentium
601 3648 772 3733 qualitate,
794 3650 946 3732 pleraque
971 3649 1144 3713 secundum
1165 3671 1257 3713 suum
1277 3649 1377 3713 ritum
1396 3649 1504 3713 colun-

232 3764 296 3823 tur:
320 3774 395 3820 nam
420 3755 531 3838 hymni
555 3754 670 3818 Libero
695 3755 778 3837 apud
795 3753 936 3819 Graecos
958 3754 1096 3837 Graeca,
1120 3757 1203 3840 apud
1228 3755 1362 3821 Latinos
1386 3755 1505 3820 Latina

233 3886 308 3930 voce
337 3863 500 3947 dicuntur,
541 3861 654 3946 hymni
682 3883 756 3924 vero
786 3862 901 3925 matris
925 3861 1018 3925 deum
1043 3863 1161 3948 ubique
1186 3863 1365 3946 propriam,
1396 3862 1429 3925 id
1454 3867 1505 3926 est

233 3970 401 4052 Graecam,
424 3969 569 4054 linguam
593 3968 769 4054 requirunt.

322 4139 337 4184 3
361 4129 435 4183 unde
458 4132 487 4182 ct
510 4128 609 4182 oscilla
633 4127 709 4180 diota
733 4125 1001 4196 sunt...cillentur]
1030 4143 1114 4180 exsor.
1134 4125 1198 4181 Isid.
1219 4142 1257 4181 or.
1278 4126 1314 4179 Xl
1336 4133 1359 4195 1,
1375 4133 1425 4193 653
1456 4127 1507 4180 XX

235 4205 377 4272 3313115
397 4200 446 4254 alii
464 4198 560 4253 dicunt
571 4243 576 4254 .
588 4243 594 4254 .
606 4241 612 4254 .
622 4198 737 4253 tertium
757 4198 840 4269 aeris]
860 4214 946 4253 exscr.
966 4199 1105 4267 mythogr.
1125 4198 1151 4250 ΙΙ
1171 4205 1202 4251 61

325 4336 337 4380 1
357 4326 483 4394 plerique
502 4342 551 4379 333.
574 4324 602 4376 Ρ
614 4327 653 4395 113
672 4324 787 4396 formas]
807 4324 852 4378 vel
870 4340 1004 4392 personas
1023 4325 1086 4378 odd.
1103 4323 1188 4379 Fabr.
1204 4325 1242 4392 113
1262 4325 1441 4378 mouerentur
1460 4324 1494 4378 Η
1498 4325 1508 4395 11

234 4436 263 4488 a
280 4452 329 4489 om.
350 4435 376 4488 A
391 4437 430 4503 33
450 4434 478 4486 a
496 4431 553 4502 aa]
574 4433 603 4485 in
621 4431 665 4485 aa
685 4432 778 4486 ornus
795 4408 985 4499 3133333333
1003 4431 1031 4484 n
1067 4430 1228 4484 aileranu-
1246 4431 1300 4498 Ηιι
1314 4449 1363 4485 ora
1381 4447 1430 4485 om.
1457 4431 1506 4503 311

234 4514 250 4560 5
274 4507 404 4560 cillentur
423 4505 531 4558 APV:
548 4503 691 4558 cillantur
714 4503 748 4557 H
782 4504 913 4556 cilluntur
937 4504 974 4556 M
998 4504 1007 4572 11
1036 4509 1050 4556 7
1074 4503 1300 4572 intercolumnia]
1323 4503 1352 4556 id
1371 4505 1413 4556 est
1432 4501 1506 4556 inter

234 4631 303 4685 duas
323 4633 465 4686 columnas
484 4631 548 4684 auu
568 4629 780 4699 Μ113331718
800 4628 857 4696 0331
878 4644 926 4681 ora
947 4628 974 4680 P
1009 4645 1037 4680 3·3
1061 4627 1087 4680 V
1120 4627 1308 4694 13333Η1112
1329 4630 1427 4682 ctom.
1450 4626 1535 4698 Μ11·

236 4708 268 4755 15
286 4703 472 4773 purgationis]
493 4701 624 4754 videlicet
612 4702 713 4756 tueris
732 4700 846 4755 additur
864 4700 1013 4767 3333931123
1032 4719 1170 4753 3333333333
1187 4700 1332 4766 pulchrum
1349 4704 1411 4765 post
1425 4715 1507 4752 sacra

234 4774 295 4841 (lin
314 4776 439 4844 331333.
460 4775 649 4842 libripraeter
673 4774 718 4842 Vll
738 4779 772 4826 24
791 4772 962 4825 celebremus
985 4770 1077 4839 Vll²5
1097 4777 1125 4823 ct
1144 4770 1264 4824 nlicere.
1281 4788 1305 4838 q.
1319 4769 1353 4839 3.]
1374 4770 1407 4836 cs.
1426 4770 1508 4824 schol.

234 4844 310 4900 Dan.
330 4848 444 4901 adbuc.
465 4845 612 4914 333133
632 4843 743 4899 achillis
767 4844 859 4912 71131
880 4841 962 4895 liberi
981 4861 998 4896 a
