3354 5430
228 354 290 418 168
803 350 924 405 saavn
969 342 972 348 ’

227 519 366 583 dullas.
448 533 580 581 Rosslao
605 519 713 580 autem
737 536 838 600 genus
863 518 912 580 est
935 514 1022 597 vitii,
1045 536 1107 598 quo
1132 514 1230 578 culmi
1254 515 1399 598 pereunt,
1421 516 1503 596 quod

226 649 247 692 a
269 625 445 708 rusticanis
458 623 621 689 calamitas
643 623 765 687 dieitur.
810 622 865 687 liae
891 626 993 687 annun
1012 642 1109 704 penus
1131 622 1201 686 uitii
1223 642 1260 686 en
1282 621 1393 686 nabab
1415 623 1503 686 nasei

225 735 307 812 salet,
331 752 400 797 curn
421 732 597 814 niprescunt
618 735 647 794 et
668 735 891 795 consumuntur
910 730 1078 810 frumenta.
1125 730 1195 793 inde
1218 734 1246 793 et
1268 728 1406 812 Robipns
1427 729 1502 794 dens

226 846 254 906 et
275 860 367 905 saera
389 839 454 904 ciris
476 839 590 902 derina
604 837 667 905 Ka.
681 838 792 903 Maias
813 837 1015 920 Rabipinatia
1037 837 1241 920 appellantur.
1283 836 1339 900 sed
1360 835 1433 900 iaec
1454 856 1504 901 res

192 964 208 1013 5
229 946 363 1013 abusive
386 945 502 1030 robigo
526 944 657 1010 dicitur:
680 967 756 1010 nam
780 945 911 1030 proprie
934 945 1049 1030 robigo
1073 947 1137 1030 est,
1160 948 1196 1009 ut
1220 943 1323 1009 Varro
1348 942 1436 1028 dicit,
1460 942 1503 1008 vi-

226 1055 308 1119 tium
332 1054 490 1119 obscenae
513 1051 672 1136 libidinis,
696 1052 781 1137 quod
805 1053 897 1117 ulcus
922 1057 1063 1117 vocatur.
1198 1067 1319 1116 suculs
1344 1068 1502 1116 cARvas

226 1160 367 1244 inutilis,
390 1158 589 1224 infecundus.
657 1182 827 1224 soranam
848 1159 1032 1244 abundaret,
1054 1165 1090 1225 ut
1112 1165 1207 1224 toturn
1225 1180 1337 1242 aprnrn
1355 1157 1502 1240 impleret.

317 1266 388 1332 152.
425 1287 520 1332 susm
540 1267 672 1332 succedit
693 1268 755 1332 loeo
778 1268 1003 1332 intereantinrn.
1059 1292 1061 1298 ·
1102 1284 1235 1332 Asnaus
1259 1282 1362 1330 slavis
1376 1249 1501 1330 ¹notan·

228 1376 320 1460 dum,
344 1374 443 1438 etiam
466 1373 504 1437 de
528 1373 638 1438 herbis
662 1373 777 1439 silvam
802 1373 930 1438 dictam.

178 1503 208 1550 10
319 1482 391 1546 153.
428 1503 614 1552 supernans
637 1482 749 1563 speeies
774 1481 883 1546 lterbae
909 1480 1054 1547 hirsutae.
1189 1503 1389 1554 rrrarrrarr
1407 1501 1506 1565 penus

227 1591 346 1672 spinare,
379 1589 461 1670 qnod
486 1589 577 1653 danea
603 1589 681 1653 niret
706 1589 813 1653 rnaltia
834 1589 914 1669 folia
935 1588 1035 1667 babet,
1067 1589 1121 1652 ubi
1143 1590 1298 1653 inaruerit
1319 1594 1506 1672 asperantur

228 1697 262 1760 in
284 1697 401 1777 spinas.
446 1695 500 1760 bos
528 1696 655 1760 tributas
680 1696 830 1777 sparsisse
848 1701 1046 1780 ppnatnrus
1068 1717 1138 1760 enm
1159 1696 1314 1762 Romanis
1340 1695 1505 1762 Hannibal

228 1803 341 1867 dicitnr
357 1802 524 1885 fnparnpne
541 1802 718 1867 simulasse:
736 1824 822 1885 quern
841 1824 910 1868 enin
923 1803 1061 1868 Rotnani
1074 1805 1312 1889 insequerentur,
1330 1806 1507 1888 intonantes

228 1915 256 1974 et
276 1910 380 1992 tupere
402 1910 564 1988 nennius,
589 1910 624 1973 in
646 1909 700 1974 liae
719 1931 817 1993 percus
837 1911 963 1991 fraudis
985 1911 1183 1976 incurrerunt
1204 1923 1232 1976 ct
1254 1913 1293 1977 ab
1311 1911 1448 1977 testibus
1469 1912 1504 1976 in

180 2037 211 2084 15
224 2018 379 2099 praeliant
401 2017 625 2082 recurrentibus
647 2018 728 2082 eaesi
750 2023 830 2082 sunt.
952 2039 1112 2088 iurararr
1133 2041 1285 2083 uranum
1310 2041 1406 2082 enarr
1428 2039 1507 2100 qnae
1588 2057 1591 2069 ·

228 2126 293 2189 ideo
316 2125 466 2203 mirentur,
488 2129 524 2188 ut
545 2126 678 2201 niteant;
702 2129 759 2188 aut
779 2145 856 2205 puae
872 2146 931 2207 per
954 2125 1069 2189 errltnrn
1091 2125 1189 2189 nitere
1211 2126 1344 2190 debeant.

298 2221 392 2296 '154
430 2249 575 2296 tursum
598 2249 731 2297 Loalvm
754 2229 974 2316 infecundum,
1007 2235 1121 2296 contra
1144 2231 1197 2313 <ll
1223 2232 1307 2315 188>
1332 2231 1507 2297 felicem-

230 2362 299 2425 que
323 2338 448 2403 trahit
472 2338 611 2403 limum.
717 2355 883 2403 sunalbus
906 2356 1046 2404 Annuus
1070 2339 1110 2402 ad
1133 2338 1360 2404 discretionem
1384 2361 1505 2426 earum,

231 2467 312 2530 quae
336 2449 499 2510 seruntur:
523 2467 599 2511 narn
621 2447 656 2510 in
679 2446 786 2510 rnrrltis
802 2442 973 2528 prouinciis
994 2448 1087 2511 etiarn
1111 2447 1192 2512 inter
1212 2447 1373 2527 fruetnnrn
1392 2469 1508 2531 penera

178 2571 212 2619 ao
231 2558 441 2618 neenerantnr.
545 2575 753 2617 nanrururru
776 2575 843 2617 nero
867 2555 1012 2637 emittent,
1034 2555 1109 2636 qnia
1132 2560 1161 2619 et
1182 2556 1345 2620 ualidiores
1366 2561 1396 2621 et
1417 2556 1508 2620 altio-

230 2681 278 2727 res
300 2665 380 2726 sunt.

325 2769 396 2832 155.
421 2786 516 2846 avon
537 2786 605 2834 u1s1
625 2787 669 2832 aa
690 2785 852 2834 sasinus
876 2787 909 2834 a.
928 2788 949 2834 1.
967 2788 997 2833 a.
1019 2769 1083 2833 iam
1103 2769 1267 2834 concludit
1285 2774 1318 2834 et
1336 2771 1398 2836 hoc
1416 2770 1509 2835 dicit:

231 2875 295 2938 nisi
319 2897 414 2958 saepe
438 2875 600 2958 sarrieris,
625 2880 757 2960 propter
781 2876 861 2939 illud
886 2874 931 2940 ‘et
955 2877 1075 2941 amaris
1098 2877 1202 2940 intiba
1224 2877 1317 2942 fibris
1336 2875 1510 2962 officiunt,

230 2982 294 3045 nisi
323 3005 398 3046 aves
431 2982 610 3066 fugaveris,
642 2987 775 3066 propter
808 2980 903 3045 ‘nihil
932 2982 1089 3065 inprobus
1119 3005 1213 3047 anser
1237 2981 1510 3068 Strymoniaeque

179 3106 213 3154 aa
233 3087 356 3173 grues'3
382 3089 442 3152 nisi
461 3089 543 3153 falce
562 3088 781 3172 amputaveris
800 3111 918 3173 ramos,
938 3092 1070 3172 propter
1085 3088 1154 3154 ‘aut
1173 3090 1288 3154 umbra
1306 3089 1428 3175 nocet'3
1446 3091 1510 3156 nisi

234 3195 317 3260 votis
332 3196 687 3281 invocaveris'pluvias,
707 3200 841 3281 propter
856 3195 977 3260 ‘umida
997 3196 1140 3260 solstitia
1160 3200 1256 3281 atquc
1274 3196 1397 3261 hiemes
1418 3202 1510 3263 orate

324 3413 337 3460 1
358 3408 450 3476 quod.
463 3451 468 3462 .
480 3451 486 3464 .
498 3407 611 3478 dicitur]
632 3408 666 3462 cl.
686 3409 756 3464 Dan.
776 3408 811 3462 ad
830 3407 891 3462 Ter.
912 3408 980 3462 Eun.
1001 3407 1014 3459 Ι
1035 3415 1058 3474 1,
1073 3413 1108 3462 34
1127 3410 1157 3463 et
1174 3407 1241 3464 Hec.
1260 3409 1331 3478 prol.
1350 3409 1362 3463 l
1381 3417 1397 3464 1

233 3605 324 3658 maret
341 3605 371 3657 P
403 3605 580 3658 consumeret
598 3605 755 3660 comederet
774 3604 801 3658 It
823 3606 833 3673 ΙΙ
854 3609 867 3656 1
888 3605 1227 3673 s0u1co...quodulcus
1247 3609 1375 3678 vocatur]
1395 3606 1511 3676 Robigi-

239 3692 303 3730 nem
320 3675 367 3730 hic
386 3675 502 3730 abusiue
522 3676 593 3731 dixit
611 3694 674 3730 nam
694 3676 817 3745 proprie.
830 3719 835 3731 .
847 3676 934 3743 ,quod
953 3676 1033 3730 ulcus
1051 3679 1181 3746 uocatur,
1200 3694 1271 3746 quae
1291 3677 1512 3734 exabundantia

235 3748 264 3801 et
287 3747 478 3816 superfluitate
503 3747 625 3801 humoris
649 3748 722 3802 solet
744 3747 829 3800 nasci.
867 3745 912 3801 hic
936 3750 1032 3802 autem
1056 3746 1155 3801 uitium
1180 3748 1249 3803 dicit
1271 3766 1326 3816 quo
1345 3750 1428 3805 culmi
1449 3766 1511 3819 per-

234 3821 302 3872 eunt
320 3818 348 3872 li
365 3819 374 3887 ΙΙ
393 3839 490 3872 aculco
511 3819 585 3872 LM:
606 3839 704 3872 avaiao
724 3818 854 3874 APVH
869 3821 878 3886 ΙΙ
898 3819 992 3873 uatem
1012 3837 1061 3874 omi.
1081 3819 1107 3871 L
1121 3822 1130 3888 ΙΙ
1144 3819 1219 3890 vitii]
1240 3819 1299 3873 umi
1317 3822 1344 3874 L
1380 3822 1440 3875 uini
1458 3822 1493 3876 H
1503 3821 1513 3893 ΙΙ

234 3895 435 3944 3consumuut
453 3890 491 3953 L,
521 3892 639 3945 curauit
658 3890 704 3943 On
721 3891 752 3944 in
771 3890 943 3945 Fleckeiseni
961 3909 1026 3944 ann.
1047 3895 1097 3943 113
1117 3895 1209 3959 (1816)
1224 3909 1253 3960 p.
1269 3897 1320 3947 138
1347 3896 1357 3961 ΙΙ
1390 3893 1506 3963 rubigus

236 3962 285 4031 Lu
301 3967 318 4014 4
337 3963 446 4015 decimo
465 3963 504 4015 L:
524 3963 643 4030 septimo
662 3962 823 4028 Mauricius,
840 3968 910 4017 reete
924 3964 932 4033 1
946 3960 1165 4031 robiginaliaL:
1184 3963 1335 4030 Robigalia
1344 3963 1511 4090 Massiciuspl

236 4039 251 4086 5
272 4031 370 4102 robigo
390 4032 502 4086 LVM:
521 4031 622 4102 rubigo
640 4033 765 4087 APHm
786 4035 797 4102 l
818 4050 883 4087 nam
902 4051 951 4088 orn.
972 4034 999 4087 L
1021 4037 1030 4102 ΙΙ
1052 4032 1152 4102 rubigo
1174 4033 1239 4087 PH
1258 4034 1267 4103 ΙΙ
1297 4042 1312 4090 6
1332 4037 1460 4107 vocatur]
1481 4036 1491 4089 i

233 4105 327 4158 autem
347 4103 520 4158 abundantia
538 4105 567 4158 et
586 4102 778 4173 superfluitate
797 4105 921 4160 humoris
941 4105 1012 4158 solet
1032 4103 1122 4169 nasci,
1141 4122 1212 4173 quae
1227 4103 1330 4161 Graece
1345 4109 1509 4174 ausculanus

234 4174 337 4228 dicitur
356 4178 419 4230 add.
439 4175 600 4246 Stephanus.
637 4176 670 4240 ef.
691 4177 728 4229 ad
747 4176 794 4231 lin.
817 4184 829 4230 1
854 4179 863 4246 ll
891 4175 1102 4246 tinfecundus]
1125 4175 1321 4234 infructuosus.
1359 4177 1504 4233 Horrerct:

235 4248 405 4303 densaretur.
443 4254 473 4301 et
492 4249 544 4301 hoe
564 4247 698 4311 estquod
717 4246 790 4302 dixit
810 4249 901 4302 ‘labor
919 4246 1055 4314 additus',
1075 4245 1140 4314 qaia
1158 4247 1262 4316 primo,
1281 4252 1313 4303 ut
1332 4252 1416 4305 antea
1435 4250 1505 4303 dixi-

234 4335 307 4385 mus,
336 4318 363 4371 in
384 4318 556 4373 eradicandis
575 4317 726 4371 intiborum
746 4319 885 4375 radicibus
905 4318 985 4372 labor
1004 4321 1077 4384 erat,
1106 4324 1207 4386 postea
1225 4322 1268 4374 est
1285 4321 1410 4388 additus,
1439 4320 1507 4390 quia
1611 4336 1616 4344 ·

235 4388 338 4443 accidit
360 4389 440 4444 labor
463 4387 599 4457 rubiginis
623 4391 787 4445 carduorum
812 4392 1022 4457 ceterorumque
1042 4387 1189 4458 similium,
1209 4409 1279 4459 qnae
1299 4392 1335 4446 ab
1354 4392 1429 4460 agris
1448 4393 1507 4462 pel-

234 4460 318 4515 lenda
336 4464 436 4515 essent.
474 4460 629 4515 Intereunt:
648 4466 773 4530 pereant.
812 4461 905 4514 Subit:
926 4460 1062 4526 succedit,
1082 4461 1216 4516 ascendit.
1236 4464 1299 4518 add.
1320 4463 1347 4518 R
1370 4464 1379 4532 ll
1402 4483 1506 4518 uuiuscr

234 4534 262 4586 L
275 4534 314 4600 l8
333 4532 487 4587 notandum
508 4530 605 4603 etiam]
626 4536 740 4603 propter
759 4533 933 4586 densitatem.
963 4536 992 4586 et
1009 4536 1077 4586 nota
1094 4533 1145 4603 1111
1161 4541 1192 4588 11
1208 4533 1510 4602 spinanammrlinus:

236 4604 347 4672 speciae
365 4605 391 4657 L
415 4607 424 4674 ΙΙ
448 4608 479 4657 1'1
498 4604 628 4657 sebalinrn
647 4607 684 4658 ad
702 4624 808 4658 msam
827 4622 924 4658 uomvu
943 4606 1112 4672 adscriptum
1130 4623 1182 4659 ant.
1201 4606 1227 4657 L
1240 4605 1249 4674 ll
1269 4606 1379 4678 contra]
1399 4609 1427 4661 et
1446 4624 1512 4662 con·

235 4673 352 4728 trarium
375 4675 402 4728 V
420 4677 429 4745 ΙΙ
452 4674 561 4728 felicem
583 4677 657 4744 quod
681 4676 726 4746 Vll
751 4682 782 4729 19
802 4674 950 4744 prouintiis
969 4676 1019 4745 Lll
1038 4682 1071 4729 22
1091 4675 1245 4747 concludit]
1265 4694 1320 4731 non
1339 4678 1446 4732 claudit
1464 4679 1490 4731 L
1503 4677 1513 4751 ll

236 4751 270 4799 25
290 4750 339 4799 aut
357 4747 457 4800 umbra
475 4746 570 4816 nocet]
590 4751 618 4801 ct
636 4746 732 4801 aliter:
763 4749 829 4816 quia
847 4756 876 4801 et
893 4749 1009 4801 arbusta
1028 4748 1081 4801 seri
1101 4747 1198 4801 solent.
1237 4752 1266 4801 et
1287 4749 1419 4818 ‘premas’
1440 4751 1512 4819 (pre-

236 4834 313 4871 mens
339 4818 377 4886 V)
396 4835 446 4886 pro
467 4817 648 4887 ‘compesces'
670 4822 859 4888 (compescens
885 4818 923 4887 V)
942 4821 1005 4874 ada.
1029 4819 1061 4886 V,
1079 4835 1149 4888 quae
1167 4820 1205 4874 ad
1222 4835 1245 4874 a.
1263 4825 1314 4875 116
1328 4823 1470 4891 paranni
