3354 5430
494 359 607 413 COMM.
629 358 666 412 ΙΝ
688 356 792 412 Vnus.
813 357 945 414 GEORG.
964 358 990 411 11
1008 365 1158 414 ror-ers.
1393 358 1459 423 263

272 523 346 588 470.
383 541 594 600 uouunsovu
624 540 687 588 svu
712 541 849 588 ,arraona
878 540 982 588 soum
1011 520 1151 606 μαλακοὶ
1176 519 1212 586 δὲ
1236 523 1300 587 ὑπὸ
1326 522 1458 608 δένδρε-

184 648 239 695 σιν
260 631 372 695 ὕπνοι.

272 739 346 802 471.
386 755 478 802 mulo
502 755 630 802 sanrvs
664 736 865 820 venationes,
898 760 980 821 quae
1011 737 1139 821 penitus
1170 738 1204 799 in
1230 737 1362 801 urbibus
1393 760 1457 802 non

181 849 265 909 sunt.
342 861 478 910 uvsrssn
502 862 669 910 ruaassvm
693 847 773 909 bene
799 843 963 909 ‘ferarum’
989 845 1125 925 addidit,
1148 844 1301 927 quoniam
1325 845 1456 907 suntin

180 952 316 1016 urbibus
339 953 444 1016 lustra
467 954 681 1016 meretricum.
780 969 966 1029 PARVOQVE
991 968 1153 1033 Ansvnra
1176 973 1241 1014 uon
1265 953 1301 1014 ut
1324 951 1492 1035 urbanae

180 1081 262 1143 quae
287 1063 337 1122 est
360 1058 468 1144 segnis
493 1062 526 1122 et
549 1059 694 1143 prodiga.

270 1167 344 1230 473.
381 1183 490 1230 sauss
521 1183 618 1230 onvm
647 1183 842 1243 susurrovn
872 1183 1007 1230 rursus
1032 1165 1093 1229 duo
1119 1165 1208 1229 dicit:
1246 1187 1338 1229 saera
1362 1164 1455 1228 deum

181 1260 295 1337 sancta
320 1273 405 1357 apud
429 1273 504 1338 illos
529 1277 619 1353 sunt,
644 1274 747 1337 sancti
772 1272 871 1336 etiam
895 1278 1056 1357 parentes.

271 1381 344 1444 474.
380 1397 547 1444 nxrarua
570 1398 637 1443 rna
660 1396 762 1443 runos
787 1397 939 1444 rvsrmm
962 1398 992 1442 n.
1018 1398 1048 1442 r.
1073 1398 1103 1444 v.
1128 1379 1242 1443 ahoe
1266 1378 1388 1442 Aratus
1412 1378 1456 1441 di-

180 1486 239 1570 cit,
272 1486 432 1551 iustitiam
460 1487 565 1570 primo
590 1489 622 1548 ot
646 1486 678 1549 in
703 1486 851 1569 urbibus,
883 1490 999 1570 postea
1022 1490 1151 1550 tantum
1175 1486 1210 1549 in
1233 1486 1322 1571 agris
1345 1486 1455 1569 fuisse,
1477 1506 1508 1552 10

180 1593 236 1657 ubi
260 1615 331 1658 eam
355 1593 480 1657 inducit
503 1578 705 1677 loquentem,
728 1616 785 1657 cur
809 1593 962 1658 abscedat
985 1616 1001 1656 e
1025 1593 1129 1657 terris,

268 1701 343 1766 475.
381 1718 428 1763 mr
454 1717 547 1764 vano
571 1700 625 1763 diu
650 1700 830 1784 quaesitum
856 1705 918 1778 est,
942 1705 1050 1764 utrum
1074 1699 1315 1784 philosophiae,
1339 1722 1381 1763 an
1404 1722 1454 1763 ru·

183 1807 337 1872 sticitatis
366 1812 452 1872 esset
481 1807 549 1870 vita
576 1806 712 1890 felicior,
741 1808 825 1872 unde
848 1830 933 1872 nunc
957 1809 1034 1872 dicit
1057 1807 1196 1893 primam
1221 1830 1290 1873 esse
1314 1808 1455 1893 philoso-

179 1914 303 1998 phiam,
326 1918 402 1999 post
424 1914 529 1998 ipsam
554 1913 708 1978 rusticam
728 1914 836 1978 vitam.
870 1937 960 1979 suam
981 1919 1089 1979 autem
1107 1937 1279 1999 personam
1299 1939 1358 1998 pro
1378 1937 1454 2000 quo·

179 2043 316 2105 cumque
340 2021 445 2104 ponit:
470 2021 517 2085 sio
541 2012 639 2104 paulo
663 2026 739 2105 post
762 2022 872 2105 <485>
896 2045 986 2086 rura
1010 2022 1104 2085 mihi
1127 2045 1186 2105 pro
1212 2020 1379 2104 ‘cuilibet'‚
1408 2022 1454 2085 sic
1476 2042 1507 2088 15

177 2128 340 2212 inprime
364 2127 473 2211 <456>
502 2149 578 2191 non
607 2127 680 2191 illa
709 2128 910 2212 quisquam
936 2151 991 2192 me
1014 2133 1127 2193 nocte
1150 2150 1218 2211 per
1242 2131 1361 2193 altum
1385 2129 1454 2210 ire,

178 2235 212 2298 in
234 2235 334 2299 tertio
359 2234 561 2319 <435>nec
592 2235 684 2298 mihi
714 2241 804 2298 tunc
836 2226 971 2299 molles
1003 2235 1071 2299 sub
1103 2235 1188 2299 divo
1213 2257 1372 2319 carpere
1396 2258 1454 2299 so·

180 2365 295 2406 mnos.
341 2346 374 2405 et
397 2341 459 2405 hoc
484 2345 546 2425 est,
574 2342 659 2425 quod
688 2341 766 2406 dicit
789 2341 946 2406 Horatius
970 2344 1004 2406 in
1027 2346 1097 2406 arte
1121 2342 1249 2426 poetica
1273 2342 1359 2425 <46>
1384 2344 1453 2407 lroc

177 2454 291 2534 amet,
322 2449 393 2514 boc
427 2455 585 2533 spernat
618 2448 802 2533 promissi
835 2450 1018 2513 carminis
1051 2453 1195 2514 auctor.
1241 2450 1396 2514 etirlitcr:
1426 2456 1455 2514 ct

177 2556 186 2583 ‘
209 2554 336 2621 r'imuur'
360 2561 388 2620 ct
411 2555 494 2619 ‘autc
517 2555 649 2640 omuiu’,
674 2561 707 2620 ut
722 2556 871 2637 primur
892 2557 946 2620 ibi
968 2562 1052 2622 aute
1075 2578 1202 2622 omues.
1472 2577 1505 2624 ⁶20

264 2663 338 2728 476.
365 2684 497 2735 amaru
518 2685 617 2727 sacua
641 2686 723 2727 ruso
741 2684 864 2727 sucrum
882 2665 944 2728 dici
961 2664 1080 2748 uoluat,
1102 2665 1183 2750 qaod
1199 2666 1241 2728 sit
1258 2686 1327 2728 οιιιιι
1346 2666 1453 2729 timore

176 2771 362 2853 retiyiosuur,
386 2775 540 2853 sunctum,
563 2772 644 2851 paul
665 2792 734 2833 curu
757 2792 868 2834 arrrorc.
938 2789 1083 2848 ovnavn
1106 2788 1217 2836 sacrm
1240 2789 1331 2835 rano
1355 2776 1452 2854 poeta

176 2879 261 2942 enim
285 2877 379 2962 quasi
402 2899 568 2941 musarum
591 2877 740 2942 sacerdos
765 2881 822 2942 est.

263 2986 339 3050 477.
377 3002 550 3061 cnnmovn
575 3002 651 3050 vrrs
683 2989 739 3049 aut
768 2989 869 3069 artes,
902 2989 938 3048 ut
968 2986 1099 3051 inveni
1129 3008 1309 3070 germana
1339 2986 1449 3050 viam:

176 3096 231 3157 aut
254 3095 341 3156 certo
366 3091 517 3175 circulos,
541 3092 657 3175 quibus
682 3091 787 3156 sidera
809 3092 1025 3156 continentur.
1082 3100 1091 3121 ¹
1469 3112 1502 3158 25

263 3200 337 3263 478.
375 3216 554 3264 nuracrvs
579 3216 677 3265 sorus
702 3217 828 3265 varnos
853 3200 944 3283 atqui
970 3223 1032 3265 uno
1057 3199 1152 3264 modo
1176 3205 1305 3264 tantum
1329 3202 1378 3264 sol
1398 3202 1449 3264 de-

174 3308 269 3371 ficere
297 3305 392 3371 nobis
421 3306 561 3395 videtur,
594 3310 670 3372 tunc
700 3306 836 3388 scilicet,
869 3329 941 3371 cum
965 3308 1042 3371 luna
1066 3309 1202 3391 plenae
1226 3307 1357 3391 regione
1382 3308 1449 3372 eius

174 3414 344 3480 obstiterit
367 3412 466 3477 radiis
495 3418 528 3477 et
552 3435 605 3478 eos
629 3414 725 3478 nobis
749 3413 862 3478 fecerit
884 3436 951 3477 non
975 3414 1089 3478 videri:
1126 3414 1211 3478 unde
1234 3416 1342 3478 varios
1367 3415 1447 3478 acci-

173 3522 280 3608 pimus
311 3520 469 3605 defectus‚
500 3543 565 3584 non
596 3520 671 3604 quia
702 3520 793 3584 varia
824 3521 950 3584 ratione
981 3520 1175 3605 contingunt
1200 3558 1240 3565 —
1266 3542 1340 3584 nam
1364 3521 1448 3586 ratio

175 3653 240 3695 una
268 3632 331 3709 est,
363 3632 400 3691 ut
428 3628 565 3691 diximus
589 3664 646 3712 -,
678 3628 734 3692 sed
763 3628 838 3711 quia
862 3628 913 3691 vel
938 3627 1036 3691 variis
1066 3628 1267 3710 temporibus
1290 3630 1373 3691 fiunt
1397 3629 1446 3692 vel
1466 3646 1500 3693 so

175 3737 278 3819 varie3
300 3735 464 3799 interdum
484 3734 569 3799 enim
590 3734 729 3816 duobuS,
752 3734 914 3797 interdum
934 3736 1097 3827 quattuor,
1116 3733 1277 3797 interdum
1297 3737 1446 3818 pluribus

218 3856 238 3860 ..
263 3853 414 3963 uitatis]
434 3892 536 3946 resen.
560 3898 609 3946 100
620 3909 677 3959 sqq.
693 3895 702 3960 ιι
716 3899 751 3945 ao
770 3890 886 3962 primus]
907 3891 939 3944 A.
959 3891 985 3943 11
1004 3896 1038 3945 ro
1052 3893 1061 3960 ιι
1075 3897 1109 3944 24
1127 3892 1221 3945 inveni
1224 3893 1234 3961 ι
1256 3894 1286 3945 A.
1306 3892 1344 3946 rr
1362 3899 1414 3947 rra

178 4036 397 4107 ...amoenitas]
420 4036 493 4088 undo
518 4035 612 4089 onmia
634 4033 696 4088 loca
720 4051 820 4087 amona
843 4050 893 4102 per
916 4033 1078 4088 abusionem
1101 4036 1195 4103 tempe
1214 4037 1447 4104 cognominantur

179 4111 204 4164 V
228 4112 238 4181 ss
267 4116 280 4162 1
301 4125 442 4163 mamxom
460 4124 513 4160 ruo
532 4122 701 4160 sanaturum
720 4125 812 4159 rrmor
831 4106 858 4159 A
894 4124 998 4159 suasor
1017 4125 1050 4158 ss
1069 4125 1125 4159 ruo
1147 4123 1297 4160 nnunuscru
1315 4127 1400 4161 rosor
1421 4109 1448 4161 Ρ

172 4200 294 4235 ununnor
319 4201 352 4233 ou
376 4198 431 4231 ruo
457 4196 604 4232 susurrone
627 4194 722 4231 rumor
746 4177 819 4243 VH,
846 4178 904 4230 nisi
926 4179 997 4246 quod
1020 4196 1108 4231 ruror
1127 4177 1162 4231 H
1195 4196 1314 4231 rrnannor
1339 4200 1372 4231 ss
1393 4199 1445 4235 ruo

174 4271 320 4307 Alisincum
339 4270 427 4304 rrruor
448 4250 482 4302 M
493 4251 533 4319 ΙΙ4
552 4249 697 4319 quoniam]
717 4265 788 4316 quae
813 4248 861 4317 Vll
885 4254 900 4302 ὅ
921 4266 974 4302 non
995 4251 1026 4302 ut
1058 4249 1086 4301 id
1106 4250 1198 4301 estut
1217 4266 1272 4302 non
1293 4249 1321 4301 P
1354 4249 1446 4304 idest

173 4342 228 4378 non
246 4325 279 4376 ut
297 4323 335 4376 M
344 4325 382 4391 111
403 4324 515 4375 deorum
544 4321 587 4389 Vll
602 4326 634 4373 11
655 4336 670 4373 e
689 4320 784 4406 terris]
803 4338 821 4373 a
838 4320 921 4373 terris
939 4321 966 4373 A
1000 4315 1063 4373 ουδ’
1081 4314 1122 4373 ἔτ’
1139 4316 1259 4380 εἰσωπός
1279 4316 1446 4375 ἐλεύσεσθαι

173 4392 322 4449 καλέουσιν
341 4395 405 4461 οἴην
424 4390 548 4460 χρύσειοι
567 4390 687 4458 πατέρες
705 4410 807 4460 praepo
828 4387 957 4445 ἐλίποντο
977 4389 1137 4460 χειροτὲρην
1151 4392 1334 4462 atdrusun
1351 4399 1382 4445 12
1402 4396 1445 4447 est

171 4485 222 4521 oua
241 4465 341 4520 APH
360 4466 369 4533 ΙΙ
394 4470 426 4517 14
445 4464 546 4533 ipsam]
568 4463 650 4516 istam
673 4462 787 4517 Gurob'r.
809 4468 863 4516 186
882 4465 891 4533 ll
913 4469 945 4516 15
965 4463 1046 4531 mihi]
1066 4462 1198 4531 placeant
1216 4465 1278 4516 add
1304 4464 1349 4531 Vll
1365 4469 1396 4518 17
1416 4466 1445 4518 in

172 4537 269 4607 tertio]
289 4537 318 4589 in
337 4537 456 4589 terentio
476 4536 504 4588 P
536 4533 566 4586 in
585 4535 718 4588 torrentio
738 4535 773 4588 H
782 4538 792 4603 l
806 4551 856 4588 uec
875 4535 918 4588 H:
943 4551 977 4588 ne
996 4534 1132 4603 AVMp,
1154 4551 1205 4588 om.
1226 4534 1254 4586 Ρ
1266 4537 1274 4604 ΙΙ
1288 4535 1366 4606 tuno]
1387 4539 1445 4589 tarn

174 4609 237 4662 PH
250 4610 259 4678 ΙΙ
273 4624 383 4661 somnos
402 4607 451 4660 sub
471 4606 537 4659 diuo
557 4622 670 4674 carpere
691 4605 790 4660 molles
810 4608 846 4659 M
859 4608 868 4675 ΙΙ
884 4613 916 4659 19
935 4605 1078 4675 promissi]
1098 4605 1171 4672 quod
1190 4605 1294 4673 promsi
1313 4606 1341 4658 P
1371 4608 1443 4673 quod

171 4679 288 4748 promisi
306 4678 340 4730 H
352 4679 360 4746 ιΙ
375 4684 407 4731 21
429 4697 536 4738 ovosvu
559 4677 652 4744 111122
672 4676 834 4731 Seruianum
853 4679 948 4731 terrama
966 4694 1015 4731 om.
1040 4677 1066 4729 V
1082 4678 1092 4744 fl
1113 4681 1147 4728 24
1166 4675 1212 4729 uia
1231 4677 1266 4730 Η
1282 4680 1291 4743 ΙΙ
1313 4682 1346 4730 26
1366 4678 1445 4745 atqui

171 4751 272 4806 PMu:
293 4767 364 4817 aquo
384 4751 411 4804 A
448 4752 477 4803 at
502 4749 525 4802 V
555 4749 641 4817 atque
660 4748 695 4802 H
704 4750 714 4818 ΙΙ
728 4754 761 4802 27
781 4749 865 4818 plena
883 4749 950 4802 luna
968 4748 1031 4801 PH
1042 4749 1080 4817 lle
1099 4765 1148 4802 our.
1168 4748 1235 4802 ΑΗ
1252 4749 1325 4816 (adu.
1345 4752 1372 4817 u)
1387 4751 1395 4818 {l
1410 4757 1440 4803 31

169 4821 245 4877 enim
263 4839 313 4876 orn.
334 4821 433 4875 APH
