3354 5430
236 411 297 475 196
807 407 928 463 saavn

233 581 333 660 tatem,
356 577 390 640 id
410 581 454 639 est
476 579 613 657 menum,
636 575 716 637 sicat
732 594 857 656 parcae,
880 575 954 655 qaia
976 573 1058 636 noelli
1075 577 1217 654 purcant.
1310 589 1425 636 Puanv
1449 589 1506 634 nn-

232 701 351 748 Fanno
376 683 544 766 sacrilego.
580 702 638 766 per
657 678 778 744 Coeum
803 685 913 745 autem
937 683 970 743 et
984 678 1142 763 Typhoea
1165 682 1197 741 et
1220 677 1367 762 Iapetum
1394 699 1507 742 omues

233 791 383 876 gigantes
407 790 638 874 intellegimus

320 898 395 962 280.
432 913 589 960 FRATRES
617 893 762 975 ‘fratres'
790 895 866 958 dicit
888 892 987 957 Otum
1017 897 1049 956 et
1077 893 1280 977 Ephialtem,
1314 893 1391 956 Am
1416 892 1507 975 filios,

197 1010 268 1069 aad
288 1006 416 1086 quidam
433 1008 558 1086 patant.

320 1110 395 1174 281.
432 1125 534 1172 1³an
564 1125 674 1173 ossan
703 1107 747 1172 ‘o'
770 1108 869 1192 longa
898 1111 961 1190 est,
993 1107 1046 1171 sed
1076 1107 1114 1171 fit
1141 1108 1249 1172 brevis
1280 1111 1434 1191 sequente
1463 1106 1506 1170 ‘o'

233 1218 351 1301 vocali,
375 1221 411 1281 ut
435 1216 503 1280 sub
527 1215 602 1280 Ilio
625 1216 716 1279 alto.

320 1325 392 1389 282.
430 1344 696 1394 semisauciam
719 1343 814 1386 ossas
836 1321 942 1386 Polias
964 1343 1052 1386 mons
1074 1328 1118 1386 ost
1142 1322 1330 1406 llaessatiac,
1360 1321 1508 1404 Olympus

231 1432 444 1509 Macedoniae,
465 1430 544 1495 Ossa
560 1429 717 1494 llaraoiac.
746 1434 775 1493 et
792 1429 863 1493 tene
881 1430 1003 1493 tertiam
1017 1431 1108 1511 quasi
1120 1431 1268 1494 maiorem
1281 1429 1432 1493 involvere
1449 1430 1504 1493 ait.

179 1556 211 1603 10
320 1539 394 1603 284.
432 1554 584 1602 suemus
613 1553 699 1601 eoas
732 1554 890 1601 nucinam
921 1554 1026 1600 saulx
1059 1541 1116 1600 aut
1145 1538 1317 1621 septimam
1347 1535 1506 1600 decimam

233 1646 326 1730 dicit,
350 1649 406 1710 aut
428 1645 490 1708 hoc
515 1643 606 1708 dicit:
634 1643 712 1707 felix
736 1642 866 1727 quidem
891 1647 940 1707 est
964 1644 1116 1728 septima,
1146 1643 1199 1707 sed
1222 1643 1350 1708 felicior
1374 1643 1507 1727 decima,

232 1756 267 1816 ut
296 1753 437 1836 primum
464 1752 572 1815 locum
601 1749 742 1814 decimae
772 1750 944 1834 relinquat.
991 1749 1047 1813 alii
1071 1753 1221 1834 quadam
1245 1750 1401 1814 decimam
1426 1750 1507 1814 acci-

232 1860 339 1943 piunt,
361 1863 398 1923 ut
422 1859 479 1923 sit:
503 1858 581 1922 felix
601 1861 650 1920 est
669 1857 808 1942 septima
826 1857 1005 1943 duplicata,
1029 1857 1060 1921 id
1080 1861 1130 1920 est
1149 1858 1240 1922 cuius
1259 1879 1412 1922 numerus
1431 1863 1508 1943 post

231 1966 389 2031 decimam
413 1966 583 2049 invenitur,
608 1987 670 2048 quo
695 1963 803 2028 diere
827 1965 1007 2030 veracites
1032 1965 1148 2028 melius
1171 1964 1331 2048 ponimus.

180 2093 211 2138 ia
321 2073 394 2137 286,
431 2090 526 2137 nona
549 2089 665 2136 svesa
688 2089 821 2136 asama
846 2089 875 2136 c.
898 2090 926 2137 a.
950 2095 1029 2155 non,
1061 2076 1098 2136 ut
1122 2072 1233 2135 stultis
1256 2070 1397 2156 videtur,
1426 2070 1505 2137 Ver-

230 2177 327 2263 gilius
356 2182 413 2242 aut
439 2178 552 2264 fugam
582 2179 681 2242 servis
711 2179 838 2262 suadet,
862 2183 919 2243 aut
947 2179 993 2243 eis
1021 2178 1142 2243 indicat
1169 2177 1251 2262 dies,
1283 2179 1399 2262 quibus
1428 2201 1462 2243 se
1487 2203 1506 2244 a

230 2285 352 2370 rapinis
377 2286 576 2350 abstineant:
599 2308 676 2350 nam
701 2289 733 2349 et
756 2262 869 2370 fugain
893 2284 931 2349 de
954 2285 1155 2370 profectione
1179 2289 1212 2349 et
1235 2307 1331 2350 cursu
1355 2286 1504 2371 legimus

230 2395 266 2456 ut
289 2391 465 2476 <111201>
488 2392 605 2457 simul
632 2415 723 2456 arva
745 2392 852 2478 fuga,
876 2393 990 2457 simul
1015 2414 1182 2478 aequora
1207 2393 1332 2456 verrit
1358 2429 1396 2438 -
1421 2392 1505 2457 unde

230 2503 262 2562 et
298 2500 441 2564 velocem
479 2523 595 2584 equum
631 2499 781 2585 fugacem
816 2523 969 2565 vocamus
1004 2538 1059 2584 -,
1093 2505 1126 2564 et
1154 2502 1232 2586 fuga
1263 2504 1374 2585 potest
1406 2500 1505 2564 etiam

176 2626 210 2674 20
230 2605 370 2671 honesta
397 2629 480 2692 esse,
512 2612 549 2672 ut
578 2607 679 2692 siquis
708 2608 850 2692 hostem,
884 2609 985 2693 siquis
1013 2609 1225 2672 inminentem
1248 2611 1434 2692 tyrannum,
1463 2608 1505 2672 si-

231 2713 302 2797 quis
327 2736 458 2778 saevum
482 2716 619 2780 iudicem
644 2714 758 2801 fugiat.
794 2715 980 2781 ‘contraria'
1001 2721 1108 2780 autem
1129 2713 1248 2779 ‘furtis'
1272 2716 1348 2779 illuc
1373 2719 1505 2800 spectat,

230 2823 267 2883 ut
295 2824 327 2884 et
357 2820 487 2886 domino
512 2823 556 2887 sit
579 2845 652 2906 spes
677 2823 862 2887 inveniendi
887 2822 972 2908 quod
995 2823 1155 2908 amiserit,
1189 2828 1222 2887 et
1245 2843 1359 2907 rapere
1382 2821 1506 2907 aliquid

230 2948 342 2991 servus
367 2928 520 2993 formidet
543 2929 722 3014 aufugiens,

319 3036 392 3100 287.
438 3054 556 3100 MVLTA
588 3055 684 3102 Anno
718 3037 750 3101 id
783 3042 833 3101 est
865 3037 974 3102 valde:
1010 3037 1180 3102 Terentius
1213 3037 1503 3102 adulescentem

176 3160 209 3208 25
230 3141 323 3206 adeo
347 3143 527 3207 nobilem.
641 3161 681 3208 su
705 3163 848 3209 Danaas
871 3145 902 3208 id
927 3149 977 3209 est
1000 3145 1116 3209 melius
1141 3149 1254 3209 nostro
1280 3144 1505 3228 obsequuntur

319 3343 333 3389 7
354 3337 404 3390 sub
423 3335 474 3389 Ilio
494 3336 566 3406 alto]
586 3337 616 3391 A.
637 3337 660 3389 V
679 3343 728 3391 261
750 3340 759 3405 11
777 3343 793 3391 9
813 3340 841 3391 et
859 3338 941 3392 bene.
953 3381 959 3393 .
971 3337 1035 3408 ‚aiu
1056 3337 1090 3392 cf.
1110 3338 1181 3392 Non.
1201 3356 1228 3407 p.
1244 3342 1306 3401 328,
1322 3339 1378 3408 14]
1397 3342 1432 3391 24
1451 3338 1501 3392 Te·

228 3408 345 3478 rectius]
365 3407 433 3460 Eun.
454 3407 465 3459 Ι
485 3413 509 3473 2,
526 3412 577 3461 124

228 3517 440 3524 ——-..---

225 3587 337 3655 placans
354 3589 364 3656 1
384 3593 396 3639 1
416 3600 519 3654 parcae
537 3587 648 3640 evannit
666 3587 698 3640 in
716 3585 742 3638 L
765 3586 774 3655 1
797 3590 813 3638 2
833 3586 981 3657 sacrilego]
1002 3586 1119 3641 Coeum:
1139 3587 1253 3641 nomina
1272 3588 1337 3641 sunt
1354 3584 1501 3656 gigantum

228 3659 291 3711 add.
311 3656 361 3726 R]
376 3673 470 3710 omues
489 3655 619 3724 gigantes
638 3655 841 3728 intellegimus]
860 3660 891 3710 in
909 3659 951 3712 laio
968 3660 1056 3713 verbio
1075 3660 1176 3713 desinit
1194 3659 1277 3713 codsa
1291 3658 1502 3728 Lemooioasmic]

228 3735 244 3782 3
263 3728 466 3800 intellegimus]
485 3729 698 3798 intelleguntur,
718 3743 788 3794 quos
807 3730 905 3796 quinta
924 3730 990 3782 luna
1008 3729 1078 3784 dicit
1096 3746 1156 3783 esse
1176 3732 1256 3784 natus
1275 3729 1303 3783 n
1321 3731 1365 3798 14
1384 3747 1499 3783 cassam

234 3799 440 3870 ...Ephialtem
461 3815 511 3854 om.
531 3801 557 3852 Β
571 3801 580 3867 11
594 3801 690 3854 othum
709 3799 754 3868 Vl]
768 3796 941 3872 Ephialtem]
961 3799 1040 3868 dicit,
1062 3801 1110 3869 qui
1129 3801 1241 3854 fuerunt
1259 3799 1310 3854 filii
1331 3800 1453 3869 Neptuni
1473 3803 1502 3854 et

228 3887 328 3925 nouem
352 3870 448 3940 digitis
473 3871 589 3937 singulis
614 3870 776 3924 crescebant
798 3870 954 3939 mensibus,
981 3890 1036 3940 qua
1063 3872 1127 3926 freti
1158 3871 1308 3926 altitudine
1327 3871 1434 3924 caelum
1455 3888 1502 3926 uo-

227 3941 340 3996 luerunt
358 3944 495 4010 euertere,
515 3943 564 3996 sed
583 3942 684 3996 confixi
703 3944 767 3994 sunt
785 3943 897 4007 sagittis
916 3943 1055 4012 Apollinis
1074 3947 1103 3997 et
1120 3941 1228 3998 Dianae
1246 3945 1310 3998 add.
1321 3942 1357 3996 R.
1377 3944 1411 4008 of.
1428 3941 1503 3997 Seru.

227 4012 480 4068 adAea.V1582
509 4015 513 4083 1
540 4011 667 4067 6Pelio:
685 4012 782 4067 monti.
819 4012 910 4067 Pelio:
930 4030 946 4068 o
966 4015 1051 4082 longa
1069 4019 1113 4069 est
1132 4031 1151 4068 e.
1168 4033 1192 4083 q.
1207 4031 1227 4069 s.
1248 4013 1276 4068 R
1299 4016 1308 4084 11
1336 4013 1501 4080 esequenli

227 4083 319 4139 uocali
342 4084 416 4153 7117
437 4085 494 4139 alto
528 4085 640 4139 Ossam:
660 4082 744 4136 alium
766 4086 898 4138 montem.
932 4083 1093 4153 Olympum:
1114 4086 1229 4139 tertium
1248 4089 1380 4139 montem.
1406 4082 1502 4138 Pater:

227 4155 361 4226 luppiter.
399 4157 528 4210 Disiecit:
548 4154 652 4210 deiecit·
670 4157 734 4209 add.
754 4157 781 4209 n
795 4157 804 4224 11
818 4162 834 4210 8
853 4174 915 4210 ossa
940 4155 985 4224 V]
999 4156 1136 4210 thessaliae
1155 4157 1202 4226 V]
1216 4157 1335 4225 olimpus
1349 4156 1396 4224 V]
1410 4162 1426 4210 9
1445 4157 1501 4210 tra-

227 4227 288 4280 ciae
312 4227 358 4298 V]
370 4227 514 4282 involvere
529 4228 586 4282 soil.
597 4243 647 4280 cos.
667 4245 705 4280 aa
714 4226 838 4281 involvi?
852 4229 861 4297 11
878 4232 909 4279 11
929 4225 1000 4280 dicit
1018 4244 1067 4281 om.
1087 4228 1122 4282 H
1132 4229 1142 4296 1
1161 4231 1189 4283 et
1208 4230 1260 4282 hoc
1279 4225 1348 4282 dicit
1366 4227 1434 4282 ΑΗ
1444 4227 1454 4296 1
1470 4233 1501 4281 12

227 4298 380 4369 relinquat]
401 4298 577 4366 derelinquat
590 4297 616 4350 V
631 4297 782 4364 tribuatR,
795 4299 826 4352 in
840 4314 893 4367 pao
906 4298 971 4352 laec
985 4300 1083 4352 addita
1097 4305 1162 4354 sant
1180 4315 1251 4368 quae
1270 4299 1306 4352 sit
1323 4299 1407 4353 ualde
1425 4297 1501 4363 felia,

227 4370 379 4423 secundum
404 4369 553 4438 septimae,
581 4385 653 4436 quae
677 4372 741 4440 post
764 4369 887 4424 decimae
911 4367 1077 4423 felicitatem
1101 4371 1138 4424 sit
1157 4372 1292 4437 secanda,
1320 4371 1353 4424 ut
1372 4385 1405 4424 ea
1422 4369 1502 4424 nulla

227 4440 265 4496 sit
283 4440 399 4508 felicior,
419 4444 536 4509 excepta
555 4440 677 4495 decima:
697 4445 746 4495 aut
765 4444 851 4505 corte,
871 4441 943 4494 sicut
957 4440 1070 4509 quidam
1085 4441 1198 4508 uolunt,
1218 4440 1501 4510 quartamdecimam

227 4513 309 4576 dicit,
329 4513 362 4565 ut
380 4511 417 4567 sit
434 4528 519 4581 aaa
535 4513 592 4582 1113
607 4514 690 4582 prins
708 4516 750 4566 est
768 4511 1005 4582 nna.PHR]cui
1021 4513 1119 4581 Anu
1139 4513 1275 4567 decimum
1295 4513 1396 4581 Β1αά
1414 4517 1502 4568 oasa

228 4583 372 4639 Domitaro
395 4584 494 4638 boues:
522 4582 672 4650 instruere,
699 4600 753 4651 quo
777 4584 860 4637 modo
880 4585 989 4652 possint
1007 4584 1081 4640 ferre
1100 4585 1224 4639 laborem
1245 4585 1344 4638 arandi
1362 4588 1392 4638 et
1411 4584 1503 4638 sciant

226 4656 262 4709 ad
281 4655 378 4726 iugum
397 4652 504 4723 pariter
521 4652 650 4710 incedere
669 4655 696 4708 R
709 4657 719 4724 1
734 4659 766 4708 15
787 4653 1082 4781 stultis]quibusdam
1099 4655 1240 4725 imperitis
1261 4655 1359 4724 11116
1375 4671 1500 4710 seaom.

229 4726 263 4792 P,
283 4745 300 4780 a
318 4744 367 4780 am.
394 4726 439 4797 V]
455 4731 488 4780 18
507 4727 593 4780 uerrit
611 4726 749 4781 ABVR:
772 4725 859 4781 uertit
907 4726 942 4781 H
975 4743 1087 4782 verrens
1112 4727 1273 4797 Vergilias]
1292 4733 1326 4781 20
1345 4729 1377 4781 ut
1395 4727 1418 4781 si
1438 4727 1500 4794 quis

226 4799 254 4852 h.
273 4799 358 4853 auti.
377 4801 398 4851 t.
419 4798 468 4851 aut
486 4816 506 4853 s.
526 4796 544 4853 i.
564 4798 583 4853 f.
603 4798 705 4866 Β1123
724 4796 870 4867 aufugiens
889 4799 959 4852 AP:
979 4802 1029 4853 aut
1047 4798 1157 4867 fugiens
1179 4797 1243 4852 VH
1246 4798 1295 4852 Rb
1331 4799 1372 4852 ait
1389 4797 1501 4867 fugiens

226 4869 277 4939 B]
296 4875 329 4924 ‘25
348 4867 449 4923 Melius
468 4885 498 4924 se
515 4871 599 4924 nocte
619 4867 733 4923 dedere:
752 4884 802 4938 per
821 4869 931 4924 noctem
951 4869 1051 4924 melius
1069 4885 1090 4925 e.
1105 4887 1129 4938 q.
1143 4885 1165 4924 e.
1186 4869 1212 4923 R
1233 4871 1244 4937 1
1267 4868 1454 4924 obscurantur
1475 4870 1500 4922 A
