<?xml version="1.0" encoding="UTF-8"?>
<!DOCTYPE html PUBLIC "-//W3C//DTD XHTML 1.0 Transitional//EN"
    "http://www.w3.org/TR/xhtml1/DTD/xhtml1-transitional.dtd">
<html xmlns="http://www.w3.org/1999/xhtml" xml:lang="en" lang="en">
 <head>
  <title>
</title>
<meta http-equiv="Content-Type" content="text/html;charset=utf-8" />
  <meta name='ocr-system' content='tesseract 3.04.00' />
  <meta name='ocr-capabilities' content='ocr_page ocr_carea ocr_par ocr_line ocrx_word'/>
</head>
<body>
  <div class='ocr_page' id='page_1' title='image "./serviigrammatic01thilgoog_0141.png"; bbox 0 0 3354 5430; ppageno 0'>
   <div class='ocr_carea' id='block_1_1' title="bbox 263 392 958 460">
    <p class='ocr_par' dir='ltr' id='par_1_1' title="bbox 263 392 958 460">
     <span class='ocr_line' id='line_1_1' title="bbox 263 392 958 460; baseline -0.016 0"><span class='ocrx_word' id='word_1_1' title='bbox 263 393 327 460; x_wconf 85' lang='lat'>116</span> <span class='ocrx_word' id='word_1_2' title='bbox 838 392 958 452; x_wconf 77' lang='lat' dir='ltr'>suern</span> 
     </span>
    </p>
   </div>
   <div class='ocr_carea' id='block_1_2' title="bbox 226 558 1543 1184">
    <p class='ocr_par' dir='ltr' id='par_1_2' title="bbox 261 558 1543 966">
     <span class='ocr_line' id='line_1_2' title="bbox 261 558 1539 643; baseline -0.002 -20"><span class='ocrx_word' id='word_1_3' title='bbox 261 581 365 625; x_wconf 78' lang='lat' dir='ltr'>renum</span> <span class='ocrx_word' id='word_1_4' title='bbox 383 561 614 643; x_wconf 73' lang='lat' dir='ltr'><em>pronuntiaret,</em></span> <span class='ocrx_word' id='word_1_5' title='bbox 638 562 744 625; x_wconf 78' lang='lat' dir='ltr'>statim</span> <span class='ocrx_word' id='word_1_6' title='bbox 767 581 798 626; x_wconf 85' lang='lat' dir='ltr'>se</span> <span class='ocrx_word' id='word_1_7' title='bbox 820 582 882 626; x_wconf 85' lang='lat' dir='ltr'>osso</span> <span class='ocrx_word' id='word_1_8' title='bbox 904 562 1105 625; x_wconf 83' lang='lat' dir='ltr'>moriturum:</span> <span class='ocrx_word' id='word_1_9' title='bbox 1142 564 1170 623; x_wconf 86' lang='lat' dir='ltr'>ct</span> <span class='ocrx_word' id='word_1_10' title='bbox 1192 559 1329 624; x_wconf 77' lang='lat' dir='ltr'>nonrhnn</span> <span class='ocrx_word' id='word_1_11' title='bbox 1351 558 1445 640; x_wconf 62' lang='lat' dir='ltr'>[inito</span> <span class='ocrx_word' id='word_1_12' title='bbox 1467 576 1539 621; x_wconf 90' lang='lat' dir='ltr'>oro-</span> 
     </span>
     <span class='ocr_line' id='line_1_3' title="bbox 262 665 1540 750; baseline -0.003 -18"><span class='ocrx_word' id='word_1_13' title='bbox 262 670 354 746; x_wconf 83' lang='lat' dir='ltr'>tione,</span> <span class='ocrx_word' id='word_1_14' title='bbox 383 670 417 731; x_wconf 89' lang='lat' dir='ltr'>r&#39;n</span> <span class='ocrx_word' id='word_1_15' title='bbox 441 669 509 750; x_wconf 76' lang='lat' dir='ltr'>iprso</span> <span class='ocrx_word' id='word_1_16' title='bbox 532 669 669 731; x_wconf 82' lang='lat' dir='ltr'>contione</span> <span class='ocrx_word' id='word_1_17' title='bbox 692 669 831 732; x_wconf 81' lang='lat' dir='ltr'>concidit.</span> <span class='ocrx_word' id='word_1_18' title='bbox 876 667 930 732; x_wconf 85' lang='lat' dir='ltr'>hoo</span> <span class='ocrx_word' id='word_1_19' title='bbox 952 668 1045 729; x_wconf 84' lang='lat' dir='ltr'>etiam</span> <span class='ocrx_word' id='word_1_20' title='bbox 1069 666 1229 749; x_wconf 74' lang='lat' dir='ltr'>Arrprntns</span> <span class='ocrx_word' id='word_1_21' title='bbox 1250 667 1286 729; x_wconf 87' lang='lat' dir='ltr'>in</span> <span class='ocrx_word' id='word_1_22' title='bbox 1310 666 1386 731; x_wconf 82' lang='lat' dir='ltr'>lr&#39;bro</span> <span class='ocrx_word' id='word_1_23' title='bbox 1408 665 1540 730; x_wconf 71' lang='lat' dir='ltr'>sarrano</span> 
     </span>
     <span class='ocr_line' id='line_1_4' title="bbox 261 771 1543 857; baseline -0.003 -18"><span class='ocrx_word' id='word_1_24' title='bbox 261 777 297 839; x_wconf 76' lang='lat' dir='ltr'>rio</span> <span class='ocrx_word' id='word_1_25' title='bbox 319 777 467 840; x_wconf 75' lang='lat' dir='ltr'>nunerio</span> <span class='ocrx_word' id='word_1_26' title='bbox 489 777 570 839; x_wconf 83' lang='lat' dir='ltr'>uitae</span> <span class='ocrx_word' id='word_1_27' title='bbox 592 795 666 839; x_wconf 78' lang='lat' dir='ltr'>snm</span> <span class='ocrx_word' id='word_1_28' title='bbox 688 775 860 857; x_wconf 74' lang='lat' dir='ltr'>conspicans</span> <span class='ocrx_word' id='word_1_29' title='bbox 882 779 932 839; x_wconf 82' lang='lat' dir='ltr'>est.</span> <span class='ocrx_word' id='word_1_30' title='bbox 970 778 999 837; x_wconf 86' lang='lat' dir='ltr'>ct</span> <span class='ocrx_word' id='word_1_31' title='bbox 1019 771 1093 837; x_wconf 84' lang='lat' dir='ltr'>hooc</span> <span class='ocrx_word' id='word_1_32' title='bbox 1116 772 1234 838; x_wconf 80' lang='lat' dir='ltr'>Moeris</span> <span class='ocrx_word' id='word_1_33' title='bbox 1256 794 1319 838; x_wconf 93' lang='lat' dir='ltr'>non</span> <span class='ocrx_word' id='word_1_34' title='bbox 1341 776 1377 836; x_wconf 83' lang='lat' dir='ltr'>ut</span> <span class='ocrx_word' id='word_1_35' title='bbox 1398 792 1464 849; x_wconf 82' lang='lat' dir='ltr'>sno,</span> <span class='ocrx_word' id='word_1_36' title='bbox 1488 772 1543 853; x_wconf 80' lang='lat' dir='ltr'>sect</span> 
     </span>
     <span class='ocr_line' id='line_1_5' title="bbox 266 880 1097 966; baseline -0.006 -18"><span class='ocrx_word' id='word_1_37' title='bbox 266 884 394 966; x_wconf 77' lang='lat' dir='ltr'>Vcrpo&#39;tir&#39;</span> <span class='ocrx_word' id='word_1_38' title='bbox 416 882 520 964; x_wconf 83' lang='lat' dir='ltr'>refert,</span> <span class='ocrx_word' id='word_1_39' title='bbox 543 884 579 945; x_wconf 85' lang='lat' dir='ltr'>in</span> <span class='ocrx_word' id='word_1_40' title='bbox 601 880 745 946; x_wconf 75' lang='lat' dir='ltr'><em>honorem</em></span> <span class='ocrx_word' id='word_1_41' title='bbox 768 883 903 966; x_wconf 75' lang='lat' dir='ltr'>Anpnsti</span> <span class='ocrx_word' id='word_1_42' title='bbox 925 882 1097 962; x_wconf 81' lang='lat' dir='ltr'>composita.</span> 
     </span>
    </p>

    <p class='ocr_par' dir='ltr' id='par_1_3' title="bbox 226 983 1541 1184">
     <span class='ocr_line' id='line_1_6' title="bbox 226 983 1541 1068; baseline -0.008 -11"><span class='ocrx_word' id='word_1_43' title='bbox 226 1008 241 1057; x_wconf 81' lang='lat'>5</span> <span class='ocrx_word' id='word_1_44' title='bbox 349 992 401 1056; x_wconf 87' lang='lat'>48.</span> <span class='ocrx_word' id='word_1_45' title='bbox 439 1006 508 1066; x_wconf 79' lang='lat' dir='ltr'>Qvo</span> <span class='ocrx_word' id='word_1_46' title='bbox 538 1005 692 1054; x_wconf 76' lang='lat' dir='ltr'>securas</span> <span class='ocrx_word' id='word_1_47' title='bbox 722 1006 934 1053; x_wconf 80' lang='lat' dir='ltr'>auvonannr</span> <span class='ocrx_word' id='word_1_48' title='bbox 963 1005 994 1050; x_wconf 83' lang='lat' dir='ltr'>r.</span> <span class='ocrx_word' id='word_1_49' title='bbox 1023 987 1064 1050; x_wconf 86' lang='lat' dir='ltr'>ad</span> <span class='ocrx_word' id='word_1_50' title='bbox 1093 1008 1236 1051; x_wconf 89' lang='lat' dir='ltr'>mensem</span> <span class='ocrx_word' id='word_1_51' title='bbox 1265 985 1380 1050; x_wconf 79' lang='lat' dir='ltr'>alludit</span> <span class='ocrx_word' id='word_1_52' title='bbox 1409 983 1541 1068; x_wconf 88' lang='lat' dir='ltr'>Iulium,</span> 
     </span>
     <span class='ocr_line' id='line_1_7' title="bbox 261 1092 1541 1184; baseline -0.006 -22"><span class='ocrx_word' id='word_1_53' title='bbox 261 1099 316 1184; x_wconf 92' lang='lat' dir='ltr'>qui</span> <span class='ocrx_word' id='word_1_54' title='bbox 341 1099 446 1162; x_wconf 90' lang='lat' dir='ltr'>dictus</span> <span class='ocrx_word' id='word_1_55' title='bbox 471 1100 520 1161; x_wconf 87' lang='lat' dir='ltr'>est</span> <span class='ocrx_word' id='word_1_56' title='bbox 544 1096 577 1159; x_wconf 90' lang='lat' dir='ltr'>in</span> <span class='ocrx_word' id='word_1_57' title='bbox 600 1096 757 1160; x_wconf 88' lang='lat' dir='ltr'><em>honorem</em></span> <span class='ocrx_word' id='word_1_58' title='bbox 783 1094 944 1160; x_wconf 81' lang='lat' dir='ltr'>Caesaris:</span> <span class='ocrx_word' id='word_1_59' title='bbox 983 1116 1046 1177; x_wconf 91' lang='lat' dir='ltr'>quo</span> <span class='ocrx_word' id='word_1_60' title='bbox 1072 1098 1104 1157; x_wconf 92' lang='lat' dir='ltr'>et</span> <span class='ocrx_word' id='word_1_61' title='bbox 1127 1115 1208 1158; x_wconf 86' lang='lat' dir='ltr'>uvae</span> <span class='ocrx_word' id='word_1_62' title='bbox 1233 1096 1265 1156; x_wconf 89' lang='lat' dir='ltr'>et</span> <span class='ocrx_word' id='word_1_63' title='bbox 1287 1092 1450 1155; x_wconf 87' lang='lat' dir='ltr'>frumenta</span> <span class='ocrx_word' id='word_1_64' title='bbox 1473 1112 1541 1154; x_wconf 84' lang='lat' dir='ltr'>rna-</span> 
     </span>
    </p>
   </div>
   <div class='ocr_carea' id='block_1_3' title="bbox 209 1210 1544 3432">
    <p class='ocr_par' dir='ltr' id='par_1_4' title="bbox 261 1210 439 1270">
     <span class='ocr_line' id='line_1_8' title="bbox 261 1210 439 1270; baseline -0.006 -2"><span class='ocrx_word' id='word_1_65' title='bbox 261 1210 439 1270; x_wconf 89' lang='lat' dir='ltr'>turescunt.</span> 
     </span>
    </p>

    <p class='ocr_par' dir='ltr' id='par_1_5' title="bbox 349 1305 1539 1392">
     <span class='ocr_line' id='line_1_9' title="bbox 349 1305 1539 1392; baseline -0.009 -13"><span class='ocrx_word' id='word_1_66' title='bbox 349 1314 401 1379; x_wconf 88' lang='lat'>50.</span> <span class='ocrx_word' id='word_1_67' title='bbox 426 1333 543 1376; x_wconf 73' lang='lat' dir='ltr'>insuar</span> <span class='ocrx_word' id='word_1_68' title='bbox 564 1333 688 1375; x_wconf 72' lang='lat' dir='ltr'>ornum</span> <span class='ocrx_word' id='word_1_69' title='bbox 709 1333 802 1375; x_wconf 76' lang='lat' dir='ltr'>ornos</span> <span class='ocrx_word' id='word_1_70' title='bbox 822 1311 877 1376; x_wconf 86' lang='lat' dir='ltr'>hoc</span> <span class='ocrx_word' id='word_1_71' title='bbox 898 1313 934 1374; x_wconf 84' lang='lat' dir='ltr'>in</span> <span class='ocrx_word' id='word_1_72' title='bbox 954 1311 1093 1392; x_wconf 77' lang='lat' dir='ltr'>protiorn</span> <span class='ocrx_word' id='word_1_73' title='bbox 1112 1309 1255 1391; x_wconf 73' lang='lat' dir='ltr'>Arpnsti,</span> <span class='ocrx_word' id='word_1_74' title='bbox 1272 1329 1331 1390; x_wconf 84' lang='lat' dir='ltr'>per</span> <span class='ocrx_word' id='word_1_75' title='bbox 1349 1307 1437 1370; x_wconf 76' lang='lat' dir='ltr'>enirn</span> <span class='ocrx_word' id='word_1_76' title='bbox 1455 1305 1539 1369; x_wconf 88' lang='lat' dir='ltr'>bene·</span> 
     </span>
    </p>

    <p class='ocr_par' dir='ltr' id='par_1_6' title="bbox 260 1420 1539 1503">
     <span class='ocr_line' id='line_1_10' title="bbox 260 1420 1539 1503; baseline -0.008 -17"><span class='ocrx_word' id='word_1_77' title='bbox 260 1422 366 1503; x_wconf 72' lang='lat' dir='ltr'>haruin</span> <span class='ocrx_word' id='word_1_78' title='bbox 388 1439 512 1485; x_wconf 79' lang='lat' dir='ltr'>seuerus</span> <span class='ocrx_word' id='word_1_79' title='bbox 534 1421 570 1483; x_wconf 83' lang='lat' dir='ltr'>de</span> <span class='ocrx_word' id='word_1_80' title='bbox 592 1421 678 1502; x_wconf 76' lang='lat' dir='ltr'>apris</span> <span class='ocrx_word' id='word_1_81' title='bbox 696 1420 761 1483; x_wconf 80' lang='lat' dir='ltr'>sats</span> <span class='ocrx_word' id='word_1_82' title='bbox 780 1425 830 1483; x_wconf 80' lang='lat' dir='ltr'>est.</span> <span class='ocrx_word' id='word_1_83' title='bbox 922 1435 1080 1482; x_wconf 79' lang='lat' dir='ltr'>CARPENT</span> <span class='ocrx_word' id='word_1_84' title='bbox 1106 1434 1175 1481; x_wconf 79' lang='lat' dir='ltr'>nvn</span> <span class='ocrx_word' id='word_1_85' title='bbox 1199 1432 1295 1480; x_wconf 79' lang='lat' dir='ltr'>nonu</span> <span class='ocrx_word' id='word_1_86' title='bbox 1319 1429 1476 1478; x_wconf 77' lang='lat' dir='ltr'>nerones</span> <span class='ocrx_word' id='word_1_87' title='bbox 1501 1434 1539 1476; x_wconf 91' lang='lat' dir='ltr'>ac</span> 
     </span>
    </p>

    <p class='ocr_par' dir='ltr' id='par_1_7' title="bbox 211 1520 1541 1805">
     <span class='ocr_line' id='line_1_11' title="bbox 211 1520 1540 1611; baseline -0.005 -20"><span class='ocrx_word' id='word_1_88' title='bbox 211 1546 244 1592; x_wconf 87' lang='lat'>10</span> <span class='ocrx_word' id='word_1_89' title='bbox 265 1528 292 1592; x_wconf 85' lang='lat' dir='ltr'>si</span> <span class='ocrx_word' id='word_1_90' title='bbox 316 1528 450 1611; x_wconf 86' lang='lat' dir='ltr'>diceret,</span> <span class='ocrx_word' id='word_1_91' title='bbox 482 1525 564 1589; x_wconf 83' lang='lat' dir='ltr'>nihil</span> <span class='ocrx_word' id='word_1_92' title='bbox 589 1531 639 1590; x_wconf 89' lang='lat' dir='ltr'>cst</span> <span class='ocrx_word' id='word_1_93' title='bbox 662 1526 748 1609; x_wconf 88' lang='lat' dir='ltr'>quod</span> <span class='ocrx_word' id='word_1_94' title='bbox 771 1525 878 1609; x_wconf 86' lang='lat' dir='ltr'>possis</span> <span class='ocrx_word' id='word_1_95' title='bbox 903 1526 1032 1588; x_wconf 89' lang='lat' dir='ltr'>timere:</span> <span class='ocrx_word' id='word_1_96' title='bbox 1070 1546 1144 1587; x_wconf 91' lang='lat' dir='ltr'>nam</span> <span class='ocrx_word' id='word_1_97' title='bbox 1168 1523 1248 1586; x_wconf 90' lang='lat' dir='ltr'>illud</span> <span class='ocrx_word' id='word_1_98' title='bbox 1271 1521 1419 1606; x_wconf 77' lang='lat' dir='ltr'>respicit,</span> <span class='ocrx_word' id='word_1_99' title='bbox 1455 1520 1540 1606; x_wconf 89' lang='lat' dir='ltr'>quod</span> 
     </span>
     <span class='ocr_line' id='line_1_12' title="bbox 262 1629 1541 1720; baseline -0.007 -21"><span class='ocrx_word' id='word_1_100' title='bbox 262 1658 360 1720; x_wconf 88' lang='lat' dir='ltr'>supra</span> <span class='ocrx_word' id='word_1_101' title='bbox 383 1633 539 1697; x_wconf 83' lang='lat' dir='ltr'>invidiose</span> <span class='ocrx_word' id='word_1_102' title='bbox 564 1634 611 1697; x_wconf 88' lang='lat' dir='ltr'>ait</span> <span class='ocrx_word' id='word_1_103' title='bbox 634 1633 672 1716; x_wconf 91' lang='grc' dir='ltr'>&lt;Ι</span> <span class='ocrx_word' id='word_1_104' title='bbox 698 1633 761 1716; x_wconf 80' lang='lat'>73&gt;</span> <span class='ocrx_word' id='word_1_105' title='bbox 790 1632 918 1696; x_wconf 91' lang='lat' dir='ltr'>insere</span> <span class='ocrx_word' id='word_1_106' title='bbox 946 1653 1043 1696; x_wconf 94' lang='lat' dir='ltr'>nunc</span> <span class='ocrx_word' id='word_1_107' title='bbox 1071 1629 1262 1694; x_wconf 90' lang='lat' dir='ltr'>Meliboee</span> <span class='ocrx_word' id='word_1_108' title='bbox 1290 1630 1413 1714; x_wconf 76' lang='lat' dir='ltr'>pir0S,</span> <span class='ocrx_word' id='word_1_109' title='bbox 1442 1649 1541 1712; x_wconf 91' lang='lat' dir='ltr'>pone</span> 
     </span>
     <span class='ocr_line' id='line_1_13' title="bbox 262 1741 528 1805; baseline 0 0"><span class='ocrx_word' id='word_1_110' title='bbox 262 1742 396 1805; x_wconf 87' lang='lat' dir='ltr'><em>ordine</em></span> <span class='ocrx_word' id='word_1_111' title='bbox 419 1741 528 1805; x_wconf 84' lang='lat' dir='ltr'>vites</span> 
     </span>
    </p>

    <p class='ocr_par' dir='ltr' id='par_1_8' title="bbox 262 1843 1540 2040">
     <span class='ocr_line' id='line_1_14' title="bbox 350 1843 1539 1928; baseline -0.008 -13"><span class='ocrx_word' id='word_1_112' title='bbox 350 1849 402 1914; x_wconf 88' lang='lat'>51.</span> <span class='ocrx_word' id='word_1_113' title='bbox 441 1866 552 1914; x_wconf 78' lang='lat' dir='ltr'>unuln</span> <span class='ocrx_word' id='word_1_114' title='bbox 576 1866 664 1912; x_wconf 77' lang='lat' dir='ltr'>rann</span> <span class='ocrx_word' id='word_1_115' title='bbox 690 1866 800 1913; x_wconf 76' lang='lat' dir='ltr'>Annus</span> <span class='ocrx_word' id='word_1_116' title='bbox 830 1848 863 1911; x_wconf 88' lang='lat' dir='ltr'>id</span> <span class='ocrx_word' id='word_1_117' title='bbox 892 1852 941 1911; x_wconf 86' lang='lat' dir='ltr'>est</span> <span class='ocrx_word' id='word_1_118' title='bbox 966 1847 1086 1911; x_wconf 79' lang='lat' dir='ltr'>aufert:</span> <span class='ocrx_word' id='word_1_119' title='bbox 1119 1867 1196 1909; x_wconf 91' lang='lat' dir='ltr'>nam</span> <span class='ocrx_word' id='word_1_120' title='bbox 1219 1843 1440 1928; x_wconf 80' lang='lat' dir='ltr'>intellegimus</span> <span class='ocrx_word' id='word_1_121' title='bbox 1464 1864 1539 1906; x_wconf 88' lang='lat' dir='ltr'>eum</span> 
     </span>
     <span class='ocr_line' id='line_1_15' title="bbox 262 1952 1540 2040; baseline -0.003 -22"><span class='ocrx_word' id='word_1_122' title='bbox 262 1955 370 2019; x_wconf 91' lang='lat' dir='ltr'>subito</span> <span class='ocrx_word' id='word_1_123' title='bbox 395 1955 584 2037; x_wconf 79' lang='lat' dir='ltr'>obticuisse,</span> <span class='ocrx_word' id='word_1_124' title='bbox 608 1977 665 2019; x_wconf 92' lang='lat' dir='ltr'>nec</span> <span class='ocrx_word' id='word_1_125' title='bbox 689 1956 775 2040; x_wconf 90' lang='lat' dir='ltr'>quod</span> <span class='ocrx_word' id='word_1_126' title='bbox 798 1959 950 2040; x_wconf 89' lang='lat' dir='ltr'>coeperat</span> <span class='ocrx_word' id='word_1_127' title='bbox 972 1954 1106 2038; x_wconf 88' lang='lat' dir='ltr'>implere</span> <span class='ocrx_word' id='word_1_128' title='bbox 1130 1952 1285 2036; x_wconf 89' lang='lat' dir='ltr'>potuisse.</span> <span class='ocrx_word' id='word_1_129' title='bbox 1399 1968 1540 2015; x_wconf 79' lang='lat' dir='ltr'>Anlnvm</span> 
     </span>
    </p>

    <p class='ocr_par' dir='ltr' id='par_1_9' title="bbox 210 2063 750 2139">
     <span class='ocr_line' id='line_1_16' title="bbox 210 2063 750 2139; baseline 0.002 -13"><span class='ocrx_word' id='word_1_130' title='bbox 210 2080 242 2126; x_wconf 77' lang='lat'>15</span> <span class='ocrx_word' id='word_1_131' title='bbox 262 2080 403 2139; x_wconf 73' lang='lat' dir='ltr'>Qvoavn</span> <span class='ocrx_word' id='word_1_132' title='bbox 428 2063 527 2126; x_wconf 90' lang='lat' dir='ltr'>etiam</span> <span class='ocrx_word' id='word_1_133' title='bbox 551 2063 750 2127; x_wconf 87' lang='lat' dir='ltr'>memoriam.</span> 
     </span>
    </p>

    <p class='ocr_par' dir='ltr' id='par_1_10' title="bbox 261 2164 1540 2447">
     <span class='ocr_line' id='line_1_17' title="bbox 351 2164 1540 2248; baseline -0.003 -16"><span class='ocrx_word' id='word_1_134' title='bbox 351 2169 402 2232; x_wconf 76' lang='lat'>52.</span> <span class='ocrx_word' id='word_1_135' title='bbox 440 2186 579 2235; x_wconf 75' lang='lat' dir='ltr'>coruos</span> <span class='ocrx_word' id='word_1_136' title='bbox 604 2187 711 2235; x_wconf 81' lang='lat' dir='ltr'>sonus</span> <span class='ocrx_word' id='word_1_137' title='bbox 736 2189 764 2235; x_wconf 87' lang='lat' dir='ltr'>o.</span> <span class='ocrx_word' id='word_1_138' title='bbox 788 2172 822 2233; x_wconf 81' lang='lat' dir='ltr'>id</span> <span class='ocrx_word' id='word_1_139' title='bbox 843 2175 888 2234; x_wconf 83' lang='lat' dir='ltr'>ost</span> <span class='ocrx_word' id='word_1_140' title='bbox 912 2169 1054 2233; x_wconf 85' lang='lat' dir='ltr'>aestivos</span> <span class='ocrx_word' id='word_1_141' title='bbox 1075 2168 1141 2231; x_wconf 87' lang='lat' dir='ltr'>dies</span> <span class='ocrx_word' id='word_1_142' title='bbox 1161 2166 1262 2248; x_wconf 86' lang='lat' dir='ltr'>finire,</span> <span class='ocrx_word' id='word_1_143' title='bbox 1286 2168 1323 2228; x_wconf 87' lang='lat' dir='ltr'>ut</span> <span class='ocrx_word' id='word_1_144' title='bbox 1346 2165 1421 2229; x_wconf 92' lang='lat' dir='ltr'>tris</span> <span class='ocrx_word' id='word_1_145' title='bbox 1445 2164 1540 2229; x_wconf 88' lang='lat' dir='ltr'>adeo</span> 
     </span>
     <span class='ocr_line' id='line_1_18' title="bbox 261 2271 1540 2362; baseline -0.004 -22"><span class='ocrx_word' id='word_1_146' title='bbox 261 2276 434 2341; x_wconf 88' lang='lat' dir='ltr'>incertos</span> <span class='ocrx_word' id='word_1_147' title='bbox 460 2298 572 2342; x_wconf 87' lang='lat' dir='ltr'>caeca</span> <span class='ocrx_word' id='word_1_148' title='bbox 596 2277 767 2362; x_wconf 86' lang='lat' dir='ltr'>caligine</span> <span class='ocrx_word' id='word_1_149' title='bbox 791 2277 905 2341; x_wconf 78' lang='lat' dir='ltr'>solea.</span> <span class='ocrx_word' id='word_1_150' title='bbox 996 2292 1158 2340; x_wconf 73' lang='lat' dir='ltr'>cononica</span> <span class='ocrx_word' id='word_1_151' title='bbox 1181 2273 1287 2355; x_wconf 84' lang='lat' dir='ltr'>finire,</span> <span class='ocrx_word' id='word_1_152' title='bbox 1307 2294 1408 2355; x_wconf 90' lang='lat' dir='ltr'>nsque</span> <span class='ocrx_word' id='word_1_153' title='bbox 1428 2271 1469 2335; x_wconf 87' lang='lat' dir='ltr'>ad</span> <span class='ocrx_word' id='word_1_154' title='bbox 1489 2293 1540 2336; x_wconf 91' lang='lat' dir='ltr'>oc-</span> 
     </span>
     <span class='ocr_line' id='line_1_19' title="bbox 262 2382 519 2447; baseline 0 -2"><span class='ocrx_word' id='word_1_155' title='bbox 262 2404 372 2447; x_wconf 87' lang='lat' dir='ltr'>easum</span> <span class='ocrx_word' id='word_1_156' title='bbox 396 2382 519 2447; x_wconf 87' lang='lat' dir='ltr'>ducere.</span> 
     </span>
    </p>

    <p class='ocr_par' dir='ltr' id='par_1_11' title="bbox 350 2488 1540 2572">
     <span class='ocr_line' id='line_1_20' title="bbox 350 2488 1540 2572; baseline -0.004 -18"><span class='ocrx_word' id='word_1_157' title='bbox 350 2491 401 2554; x_wconf 75' lang='lat'>53.</span> <span class='ocrx_word' id='word_1_158' title='bbox 426 2512 509 2553; x_wconf 66' lang='lat' dir='ltr'>aare</span> <span class='ocrx_word' id='word_1_159' title='bbox 528 2512 644 2553; x_wconf 71' lang='lat' dir='ltr'>onrrrn</span> <span class='ocrx_word' id='word_1_160' title='bbox 662 2492 708 2555; x_wconf 85' lang='lat' dir='ltr'>ool</span> <span class='ocrx_word' id='word_1_161' title='bbox 726 2492 851 2572; x_wconf 78' lang='lat' dir='ltr'>ortissu,</span> <span class='ocrx_word' id='word_1_162' title='bbox 875 2491 920 2554; x_wconf 84' lang='lat' dir='ltr'>oet</span> <span class='ocrx_word' id='word_1_163' title='bbox 941 2491 1085 2572; x_wconf 71' lang='lat' dir='ltr'>honorato,</span> <span class='ocrx_word' id='word_1_164' title='bbox 1109 2509 1240 2571; x_wconf 75' lang='lat' dir='ltr'>preerunt</span> <span class='ocrx_word' id='word_1_165' title='bbox 1262 2509 1314 2569; x_wconf 73' lang='lat' dir='ltr'>epo</span> <span class='ocrx_word' id='word_1_166' title='bbox 1333 2488 1444 2552; x_wconf 82' lang='lat' dir='ltr'>oblitus</span> <span class='ocrx_word' id='word_1_167' title='bbox 1461 2507 1540 2552; x_wconf 75' lang='lat' dir='ltr'>sirm.</span> 
     </span>
    </p>

    <p class='ocr_par' dir='ltr' id='par_1_12' title="bbox 209 2596 1541 2984">
     <span class='ocr_line' id='line_1_21' title="bbox 209 2596 1540 2679; baseline -0.004 -15"><span class='ocrx_word' id='word_1_168' title='bbox 209 2616 242 2664; x_wconf 78' lang='lat' dir='ltr'>ro</span> <span class='ocrx_word' id='word_1_169' title='bbox 262 2601 291 2659; x_wconf 90' lang='lat' dir='ltr'>et</span> <span class='ocrx_word' id='word_1_170' title='bbox 317 2597 447 2660; x_wconf 80' lang='lat' dir='ltr'>ostendit</span> <span class='ocrx_word' id='word_1_171' title='bbox 469 2596 595 2660; x_wconf 86' lang='lat' dir='ltr'>Moerin</span> <span class='ocrx_word' id='word_1_172' title='bbox 622 2599 745 2662; x_wconf 75' lang='lat' dir='ltr'>noctium</span> <span class='ocrx_word' id='word_1_173' title='bbox 772 2619 876 2679; x_wconf 77' lang='lat' dir='ltr'>sionna,</span> <span class='ocrx_word' id='word_1_174' title='bbox 904 2600 957 2662; x_wconf 82' lang='lat' dir='ltr'>sed</span> <span class='ocrx_word' id='word_1_175' title='bbox 979 2599 1085 2661; x_wconf 76' lang='lat' dir='ltr'>euronio</span> <span class='ocrx_word' id='word_1_176' title='bbox 1109 2598 1270 2661; x_wconf 81' lang='lat' dir='ltr'>Menalcae</span> <span class='ocrx_word' id='word_1_177' title='bbox 1293 2596 1436 2659; x_wconf 81' lang='lat' dir='ltr'>corocina</span> <span class='ocrx_word' id='word_1_178' title='bbox 1458 2601 1540 2659; x_wconf 84' lang='lat' dir='ltr'>retn-</span> 
     </span>
     <span class='ocr_line' id='line_1_22' title="bbox 261 2703 1541 2785; baseline -0.002 -18"><span class='ocrx_word' id='word_1_179' title='bbox 261 2704 339 2767; x_wconf 79' lang='lat' dir='ltr'>tissc.</span> <span class='ocrx_word' id='word_1_180' title='bbox 425 2725 488 2767; x_wconf 76' lang='lat' dir='ltr'>ror</span> <span class='ocrx_word' id='word_1_181' title='bbox 512 2726 637 2775; x_wconf 71' lang='lat' dir='ltr'>(rrooru</span> <span class='ocrx_word' id='word_1_182' title='bbox 659 2727 782 2769; x_wconf 78' lang='lat' dir='ltr'>uorum</span> <span class='ocrx_word' id='word_1_183' title='bbox 806 2728 867 2768; x_wconf 74' lang='lat' dir='ltr'>mu</span> <span class='ocrx_word' id='word_1_184' title='bbox 893 2728 991 2769; x_wconf 79' lang='lat' dir='ltr'>uram</span> <span class='ocrx_word' id='word_1_185' title='bbox 1014 2725 1083 2768; x_wconf 65' lang='lat' dir='ltr'>rosi</span> <span class='ocrx_word' id='word_1_186' title='bbox 1106 2704 1155 2769; x_wconf 82' lang='lat' dir='ltr'>his</span> <span class='ocrx_word' id='word_1_187' title='bbox 1172 2704 1313 2768; x_wconf 74' lang='lat' dir='ltr'>&#39;austeus</span> <span class='ocrx_word' id='word_1_188' title='bbox 1337 2703 1474 2785; x_wconf 79' lang='lat' dir='ltr'>ostendit,</span> <span class='ocrx_word' id='word_1_189' title='bbox 1496 2704 1541 2765; x_wconf 82' lang='lat' dir='ltr'>oi·</span> 
     </span>
     <span class='ocr_line' id='line_1_23' title="bbox 257 2808 1540 2896; baseline 0.001 -24"><span class='ocrx_word' id='word_1_190' title='bbox 257 2831 361 2891; x_wconf 76' lang='lat' dir='ltr'>perone</span> <span class='ocrx_word' id='word_1_191' title='bbox 388 2813 548 2894; x_wconf 76' lang='lat' dir='ltr'>mutendi,</span> <span class='ocrx_word' id='word_1_192' title='bbox 576 2833 665 2893; x_wconf 81' lang='lat' dir='ltr'>qrrorn</span> <span class='ocrx_word' id='word_1_193' title='bbox 687 2814 781 2894; x_wconf 79' lang='lat' dir='ltr'>priore</span> <span class='ocrx_word' id='word_1_194' title='bbox 809 2812 970 2890; x_wconf 68' lang='lat' dir='ltr'>hobnmt</span> <span class='ocrx_word' id='word_1_195' title='bbox 993 2813 1166 2894; x_wconf 76' lang='lat' dir='ltr'>porrlidissc</span> <span class='ocrx_word' id='word_1_196' title='bbox 1189 2808 1256 2896; x_wconf 79' lang='lat' dir='ltr'>(se).</span> <span class='ocrx_word' id='word_1_197' title='bbox 1303 2815 1331 2874; x_wconf 86' lang='lat' dir='ltr'>ct</span> <span class='ocrx_word' id='word_1_198' title='bbox 1347 2830 1408 2892; x_wconf 85' lang='lat' dir='ltr'>per</span> <span class='ocrx_word' id='word_1_199' title='bbox 1430 2810 1540 2892; x_wconf 77' lang='lat' dir='ltr'>altopo-</span> 
     </span>
     <span class='ocr_line' id='line_1_24' title="bbox 260 2918 1016 2984; baseline 0.007 -5"><span class='ocrx_word' id='word_1_200' title='bbox 260 2918 343 2980; x_wconf 85' lang='lat' dir='ltr'>riom</span> <span class='ocrx_word' id='word_1_201' title='bbox 366 2918 516 2982; x_wconf 81' lang='lat' dir='ltr'>obsessam</span> <span class='ocrx_word' id='word_1_202' title='bbox 541 2919 634 2983; x_wconf 78' lang='lat' dir='ltr'>nautis</span> <span class='ocrx_word' id='word_1_203' title='bbox 656 2920 797 2982; x_wconf 83' lang='lat' dir='ltr'>onimrnn</span> <span class='ocrx_word' id='word_1_204' title='bbox 822 2921 1016 2984; x_wconf 82' lang='lat' dir='ltr'>denronstrot.</span> 
     </span>
    </p>

    <p class='ocr_par' dir='ltr' id='par_1_13' title="bbox 351 3023 1544 3109">
     <span class='ocr_line' id='line_1_25' title="bbox 351 3023 1544 3109; baseline 0 -22"><span class='ocrx_word' id='word_1_205' title='bbox 351 3023 401 3088; x_wconf 83' lang='lat'>54.</span> <span class='ocrx_word' id='word_1_206' title='bbox 426 3042 506 3089; x_wconf 79' lang='lat' dir='ltr'>svm</span> <span class='ocrx_word' id='word_1_207' title='bbox 526 3043 661 3089; x_wconf 80' lang='lat' dir='ltr'>nonum</span> <span class='ocrx_word' id='word_1_208' title='bbox 680 3044 811 3089; x_wconf 81' lang='lat' dir='ltr'>vinnan</span> <span class='ocrx_word' id='word_1_209' title='bbox 830 3043 975 3090; x_wconf 71' lang='lat' dir='ltr'>rutenus</span> <span class='ocrx_word' id='word_1_210' title='bbox 994 3026 1057 3090; x_wconf 90' lang='lat' dir='ltr'>hoc</span> <span class='ocrx_word' id='word_1_211' title='bbox 1077 3025 1176 3089; x_wconf 87' lang='lat' dir='ltr'>etiam</span> <span class='ocrx_word' id='word_1_212' title='bbox 1196 3023 1323 3109; x_wconf 83' lang='lat' dir='ltr'>physici</span> <span class='ocrx_word' id='word_1_213' title='bbox 1338 3024 1544 3106; x_wconf 87' lang='lat' dir='ltr'>confirmant,</span> 
     </span>
    </p>

    <p class='ocr_par' dir='ltr' id='par_1_14' title="bbox 209 3130 1543 3432">
     <span class='ocr_line' id='line_1_26' title="bbox 209 3130 1542 3218; baseline -0.002 -21"><span class='ocrx_word' id='word_1_214' title='bbox 209 3150 242 3199; x_wconf 77' lang='lat'>25</span> <span class='ocrx_word' id='word_1_215' title='bbox 261 3130 348 3214; x_wconf 87' lang='lat' dir='ltr'>quod</span> <span class='ocrx_word' id='word_1_216' title='bbox 372 3152 449 3194; x_wconf 85' lang='lat' dir='ltr'>voce</span> <span class='ocrx_word' id='word_1_217' title='bbox 469 3131 637 3195; x_wconf 90' lang='lat' dir='ltr'>deseratur</span> <span class='ocrx_word' id='word_1_218' title='bbox 659 3133 702 3215; x_wconf 87' lang='lat' dir='ltr'>is,</span> <span class='ocrx_word' id='word_1_219' title='bbox 726 3156 819 3218; x_wconf 91' lang='lat' dir='ltr'>quern</span> <span class='ocrx_word' id='word_1_220' title='bbox 845 3133 935 3217; x_wconf 91' lang='lat' dir='ltr'>prior</span> <span class='ocrx_word' id='word_1_221' title='bbox 957 3132 1075 3197; x_wconf 89' lang='lat' dir='ltr'>viderit</span> <span class='ocrx_word' id='word_1_222' title='bbox 1098 3134 1207 3217; x_wconf 87' lang='lat' dir='ltr'>lupus:</span> <span class='ocrx_word' id='word_1_223' title='bbox 1236 3130 1320 3195; x_wconf 90' lang='lat' dir='ltr'>unde</span> <span class='ocrx_word' id='word_1_224' title='bbox 1344 3130 1444 3195; x_wconf 88' lang='lat' dir='ltr'>etiam</span> <span class='ocrx_word' id='word_1_225' title='bbox 1467 3152 1542 3214; x_wconf 92' lang='lat' dir='ltr'>pro-</span> 
     </span>
     <span class='ocr_line' id='line_1_27' title="bbox 261 3237 1543 3324; baseline 0.001 -24"><span class='ocrx_word' id='word_1_226' title='bbox 261 3238 407 3301; x_wconf 88' lang='lat' dir='ltr'>verbium</span> <span class='ocrx_word' id='word_1_227' title='bbox 427 3238 490 3302; x_wconf 90' lang='lat' dir='ltr'>hoc</span> <span class='ocrx_word' id='word_1_228' title='bbox 508 3243 620 3303; x_wconf 88' lang='lat' dir='ltr'>natum</span> <span class='ocrx_word' id='word_1_229' title='bbox 641 3243 691 3303; x_wconf 88' lang='lat' dir='ltr'>est</span> <span class='ocrx_word' id='word_1_230' title='bbox 706 3238 818 3324; x_wconf 69' lang='lat' dir='ltr'>‘lupus</span> <span class='ocrx_word' id='word_1_231' title='bbox 834 3241 867 3302; x_wconf 93' lang='lat' dir='ltr'>in</span> <span class='ocrx_word' id='word_1_232' title='bbox 881 3238 1014 3322; x_wconf 64' lang='lat' dir='ltr'>fabula,</span> <span class='ocrx_word' id='word_1_233' title='bbox 1034 3239 1183 3323; x_wconf 88' lang='lat' dir='ltr'>quotiens</span> <span class='ocrx_word' id='word_1_234' title='bbox 1203 3238 1390 3322; x_wconf 86' lang='lat' dir='ltr'>supervenit</span> <span class='ocrx_word' id='word_1_235' title='bbox 1410 3237 1479 3319; x_wconf 89' lang='lat' dir='ltr'>ille,</span> <span class='ocrx_word' id='word_1_236' title='bbox 1504 3238 1543 3301; x_wconf 90' lang='lat' dir='ltr'>de</span> 
     </span>
     <span class='ocr_line' id='line_1_28' title="bbox 223 3344 1540 3432; baseline -0.004 -20"><span class='ocrx_word' id='word_1_237' title='bbox 223 3402 227 3412; x_wconf 92' lang='grc'><em>,</em></span> <span class='ocrx_word' id='word_1_238' title='bbox 261 3368 325 3429; x_wconf 91' lang='lat' dir='ltr'>quo</span> <span class='ocrx_word' id='word_1_239' title='bbox 349 3346 512 3431; x_wconf 89' lang='lat' dir='ltr'>loquimur</span> <span class='ocrx_word' id='word_1_240' title='bbox 536 3352 568 3410; x_wconf 89' lang='lat' dir='ltr'>et</span> <span class='ocrx_word' id='word_1_241' title='bbox 591 3347 686 3411; x_wconf 90' lang='lat' dir='ltr'>nobis</span> <span class='ocrx_word' id='word_1_242' title='bbox 711 3349 760 3410; x_wconf 90' lang='lat' dir='ltr'>sui</span> <span class='ocrx_word' id='word_1_243' title='bbox 783 3348 969 3430; x_wconf 89' lang='lat' dir='ltr'>praesentia</span> <span class='ocrx_word' id='word_1_244' title='bbox 992 3351 1141 3432; x_wconf 90' lang='lat' dir='ltr'>amputat</span> <span class='ocrx_word' id='word_1_245' title='bbox 1163 3345 1354 3427; x_wconf 78' lang='lat' dir='ltr'>facultatem</span> <span class='ocrx_word' id='word_1_246' title='bbox 1377 3344 1540 3429; x_wconf 90' lang='lat' dir='ltr'>loquendi.</span> 
     </span>
    </p>
   </div>
   <div class='ocr_carea' id='block_1_4' title="bbox 258 3501 1599 4930">
    <p class='ocr_par' dir='ltr' id='par_1_15' title="bbox 263 3501 1599 3641">
     <span class='ocr_line' id='line_1_29' title="bbox 352 3501 1543 3575; baseline -0.001 -18"><span class='ocrx_word' id='word_1_247' title='bbox 352 3512 384 3558; x_wconf 83' lang='grc'>16</span> <span class='ocrx_word' id='word_1_248' title='bbox 403 3504 466 3574; x_wconf 90' lang='lat' dir='ltr'>tris]</span> <span class='ocrx_word' id='word_1_249' title='bbox 488 3503 520 3558; x_wconf 83' lang='lat' dir='ltr'>A.</span> <span class='ocrx_word' id='word_1_250' title='bbox 541 3503 580 3555; x_wconf 92' lang='lat' dir='ltr'>lll</span> <span class='ocrx_word' id='word_1_251' title='bbox 599 3506 723 3571; x_wconf 70' lang='lat'>2031124</span> <span class='ocrx_word' id='word_1_252' title='bbox 740 3505 794 3559; x_wconf 93' lang='lat' dir='ltr'>hoc</span> <span class='ocrx_word' id='word_1_253' title='bbox 814 3504 899 3559; x_wconf 90' lang='lat' dir='ltr'>etiam</span> <span class='ocrx_word' id='word_1_254' title='bbox 920 3521 942 3558; x_wconf 92' lang='lat' dir='ltr'>e.</span> <span class='ocrx_word' id='word_1_255' title='bbox 959 3523 985 3574; x_wconf 88' lang='lat' dir='ltr'>q.</span> <span class='ocrx_word' id='word_1_256' title='bbox 1001 3505 1036 3575; x_wconf 83' lang='lat' dir='ltr'>s]</span> <span class='ocrx_word' id='word_1_257' title='bbox 1056 3505 1091 3575; x_wconf 83' lang='lat' dir='ltr'>cs.</span> <span class='ocrx_word' id='word_1_258' title='bbox 1111 3505 1181 3560; x_wconf 90' lang='lat' dir='ltr'>Don.</span> <span class='ocrx_word' id='word_1_259' title='bbox 1201 3504 1231 3557; x_wconf 92' lang='lat' dir='ltr'>in</span> <span class='ocrx_word' id='word_1_260' title='bbox 1245 3503 1355 3559; x_wconf 86' lang='lat' dir='ltr'>Terent.</span> <span class='ocrx_word' id='word_1_261' title='bbox 1373 3501 1493 3572; x_wconf 89' lang='lat' dir='ltr'>Adelph.</span> <span class='ocrx_word' id='word_1_262' title='bbox 1504 3501 1543 3556; x_wconf 88' lang='lat' dir='ltr'>lV</span> 
     </span>
     <span class='ocr_line' id='line_1_30' title="bbox 263 3574 1599 3641; baseline -0.001 -14"><span class='ocrx_word' id='word_1_263' title='bbox 263 3582 286 3639; x_wconf 90' lang='lat'>1,</span> <span class='ocrx_word' id='word_1_264' title='bbox 301 3582 333 3630; x_wconf 79' lang='lat'>21</span> <span class='ocrx_word' id='word_1_265' title='bbox 354 3576 384 3630; x_wconf 86' lang='lat' dir='ltr'>et</span> <span class='ocrx_word' id='word_1_266' title='bbox 401 3574 466 3629; x_wconf 85' lang='lat' dir='ltr'>lsid.</span> <span class='ocrx_word' id='word_1_267' title='bbox 486 3592 524 3628; x_wconf 92' lang='lat' dir='ltr'>or.</span> <span class='ocrx_word' id='word_1_268' title='bbox 544 3575 596 3628; x_wconf 86' lang='lat' dir='ltr'>XII</span> <span class='ocrx_word' id='word_1_269' title='bbox 616 3582 640 3641; x_wconf 78' lang='lat'>2,</span> <span class='ocrx_word' id='word_1_270' title='bbox 655 3580 690 3629; x_wconf 78' lang='lat' dir='ltr'>m</span> <span class='ocrx_word' id='word_1_271' title='bbox 1594 3605 1599 3615; x_wconf 93' lang='lat'><em>·</em></span> 
     </span>
    </p>

    <p class='ocr_par' dir='ltr' id='par_1_16' title="bbox 258 3717 1539 4930">
     <span class='ocr_line' id='line_1_31' title="bbox 352 3717 1536 3787; baseline 0.003 -18"><span class='ocrx_word' id='word_1_272' title='bbox 352 3727 364 3769; x_wconf 78' lang='lat' dir='ltr'>l</span> <span class='ocrx_word' id='word_1_273' title='bbox 385 3717 583 3787; x_wconf 75' lang='lat' dir='ltr'>pronunciaret</span> <span class='ocrx_word' id='word_1_274' title='bbox 601 3717 627 3770; x_wconf 87' lang='lat' dir='ltr'><strong><em>L</em></strong></span> <span class='ocrx_word' id='word_1_275' title='bbox 641 3719 650 3786; x_wconf 87' lang='grc' dir='ltr'>ΙΙ</span> <span class='ocrx_word' id='word_1_276' title='bbox 669 3724 685 3772; x_wconf 83' lang='grc'><strong>3</strong></span> <span class='ocrx_word' id='word_1_277' title='bbox 705 3719 738 3773; x_wconf 89' lang='lat' dir='ltr'>de</span> <span class='ocrx_word' id='word_1_278' title='bbox 757 3719 892 3773; x_wconf 87' lang='lat' dir='ltr'>memoria</span> <span class='ocrx_word' id='word_1_279' title='bbox 912 3717 1104 3773; x_wconf 76' lang='lat' dir='ltr'>Contriielinne:</span> <span class='ocrx_word' id='word_1_280' title='bbox 1123 3719 1213 3773; x_wconf 89' lang='lat' dir='ltr'>moria</span> <span class='ocrx_word' id='word_1_281' title='bbox 1231 3719 1258 3772; x_wconf 89' lang='lat' dir='ltr'><em>L</em></span> <span class='ocrx_word' id='word_1_282' title='bbox 1290 3718 1425 3773; x_wconf 90' lang='lat' dir='ltr'>memoria</span> <span class='ocrx_word' id='word_1_283' title='bbox 1443 3719 1466 3783; x_wconf 85' lang='lat' dir='ltr'>l,</span> <span class='ocrx_word' id='word_1_284' title='bbox 1484 3734 1536 3772; x_wconf 86' lang='lat' dir='ltr'>rec.</span> 
     </span>
     <span class='ocr_line' id='line_1_32' title="bbox 260 3788 1536 3872; baseline -0.001 -29"><span class='ocrx_word' id='word_1_285' title='bbox 260 3790 365 3843; x_wconf 82' lang='lat' dir='ltr'>Daniel</span> <span class='ocrx_word' id='word_1_286' title='bbox 378 3791 387 3859; x_wconf 74' lang='lat' dir='ltr'>ll</span> <span class='ocrx_word' id='word_1_287' title='bbox 402 3808 440 3872; x_wconf 85' lang='lat' dir='ltr'>on</span> <span class='ocrx_word' id='word_1_288' title='bbox 459 3788 509 3843; x_wconf 87' lang='lat' dir='ltr'>sed</span> <span class='ocrx_word' id='word_1_289' title='bbox 527 3791 559 3842; x_wconf 89' lang='lat' dir='ltr'>ut</span> <span class='ocrx_word' id='word_1_290' title='bbox 578 3788 696 3871; x_wconf 79' lang='lat' dir='ltr'>Vergilii</span> <span class='ocrx_word' id='word_1_291' title='bbox 710 3792 720 3858; x_wconf 74' lang='lat' dir='ltr'>ll</span> <span class='ocrx_word' id='word_1_292' title='bbox 734 3796 750 3843; x_wconf 90' lang='lat'><strong>6</strong></span> <span class='ocrx_word' id='word_1_293' title='bbox 764 3793 798 3872; x_wconf 36' lang='lat' dir='ltr'>&#39;in</span> <span class='ocrx_word' id='word_1_294' title='bbox 818 3793 921 3871; x_wconf 84' lang='lat' dir='ltr'>honore</span> <span class='ocrx_word' id='word_1_295' title='bbox 941 3791 1021 3872; x_wconf 74' lang='lat' dir='ltr'>Alss</span> <span class='ocrx_word' id='word_1_296' title='bbox 1041 3792 1078 3843; x_wconf 83' lang='lat' dir='ltr'>ool</span> <span class='ocrx_word' id='word_1_297' title='bbox 1096 3808 1119 3844; x_wconf 89' lang='lat' dir='ltr'>o.</span> <span class='ocrx_word' id='word_1_298' title='bbox 1136 3796 1170 3842; x_wconf 84' lang='lat'>50</span> <span class='ocrx_word' id='word_1_299' title='bbox 1190 3792 1285 3872; x_wconf 76' lang='lat' dir='ltr'>lnsera</span> <span class='ocrx_word' id='word_1_300' title='bbox 1302 3789 1416 3858; x_wconf 85' lang='lat' dir='ltr'>Daphni</span> <span class='ocrx_word' id='word_1_301' title='bbox 1434 3808 1461 3858; x_wconf 88' lang='lat' dir='ltr'>p.</span> <span class='ocrx_word' id='word_1_302' title='bbox 1476 3805 1500 3843; x_wconf 93' lang='lat' dir='ltr'>c.</span> <span class='ocrx_word' id='word_1_303' title='bbox 1515 3792 1536 3843; x_wconf 90' lang='lat' dir='ltr'>t.</span> 
     </span>
     <span class='ocr_line' id='line_1_33' title="bbox 260 3860 1537 4007; baseline -0.002 -21"><span class='ocrx_word' id='word_1_304' title='bbox 260 3878 348 3986; x_wconf 71' lang='lat' dir='ltr'>tlh</span> <span class='ocrx_word' id='word_1_305' title='bbox 367 3860 617 4000; x_wconf 59' lang='lat' dir='ltr'>alttlhlth</span> <span class='ocrx_word' id='word_1_306' title='bbox 629 3861 1179 4007; x_wconf 46' lang='lat' dir='ltr'>&amp;tituilhittllzlthlight</span> <span class='ocrx_word' id='word_1_307' title='bbox 1196 3861 1537 3986; x_wconf 57' lang='lat' dir='ltr'>{inthaath</span> 
     </span>
     <span class='ocr_line' id='line_1_34' title="bbox 261 4002 1539 4074; baseline 0.001 -18"><span class='ocrx_word' id='word_1_308' title='bbox 261 4004 358 4072; x_wconf 88' lang='lat' dir='ltr'>piros’‚</span> <span class='ocrx_word' id='word_1_309' title='bbox 378 4020 441 4057; x_wconf 88' lang='lat' dir='ltr'>cum</span> <span class='ocrx_word' id='word_1_310' title='bbox 461 4004 494 4057; x_wconf 92' lang='lat' dir='ltr'>de</span> <span class='ocrx_word' id='word_1_311' title='bbox 513 4003 696 4057; x_wconf 80' lang='lat' dir='ltr'>tribulatione</span> <span class='ocrx_word' id='word_1_312' title='bbox 715 4005 836 4074; x_wconf 84' lang='lat' dir='ltr'>patriam</span> <span class='ocrx_word' id='word_1_313' title='bbox 856 4004 1023 4073; x_wconf 85' lang='lat' dir='ltr'>fugientium</span> <span class='ocrx_word' id='word_1_314' title='bbox 1048 4005 1151 4073; x_wconf 83' lang='lat' dir='ltr'>ageret.</span> <span class='ocrx_word' id='word_1_315' title='bbox 1190 4004 1226 4056; x_wconf 90' lang='lat' dir='ltr'>ad</span> <span class='ocrx_word' id='word_1_316' title='bbox 1244 4002 1316 4056; x_wconf 93' lang='lat' dir='ltr'>illud</span> <span class='ocrx_word' id='word_1_317' title='bbox 1337 4020 1403 4072; x_wconf 85' lang='lat' dir='ltr'>ergo</span> <span class='ocrx_word' id='word_1_318' title='bbox 1422 4003 1475 4056; x_wconf 88' lang='lat' dir='ltr'>hoc</span> <span class='ocrx_word' id='word_1_319' title='bbox 1492 4019 1539 4057; x_wconf 88' lang='lat' dir='ltr'>re·</span> 
     </span>
     <span class='ocr_line' id='line_1_35' title="bbox 261 4073 1536 4145; baseline 0 -18"><span class='ocrx_word' id='word_1_320' title='bbox 261 4074 356 4143; x_wconf 87' lang='lat' dir='ltr'>spicit,</span> <span class='ocrx_word' id='word_1_321' title='bbox 384 4078 417 4128; x_wconf 85' lang='lat' dir='ltr'>ut</span> <span class='ocrx_word' id='word_1_322' title='bbox 440 4074 515 4144; x_wconf 90' lang='lat' dir='ltr'>quod</span> <span class='ocrx_word' id='word_1_323' title='bbox 538 4073 579 4127; x_wconf 90' lang='lat' dir='ltr'>ibi</span> <span class='ocrx_word' id='word_1_324' title='bbox 602 4075 669 4128; x_wconf 86' lang='lat' dir='ltr'>tunc</span> <span class='ocrx_word' id='word_1_325' title='bbox 692 4093 748 4129; x_wconf 90' lang='lat' dir='ltr'>non</span> <span class='ocrx_word' id='word_1_326' title='bbox 770 4093 852 4143; x_wconf 89' lang='lat' dir='ltr'>posse</span> <span class='ocrx_word' id='word_1_327' title='bbox 875 4075 935 4129; x_wconf 90' lang='lat' dir='ltr'>ficri</span> <span class='ocrx_word' id='word_1_328' title='bbox 958 4092 1024 4145; x_wconf 85' lang='lat' dir='ltr'>prae</span> <span class='ocrx_word' id='word_1_329' title='bbox 1045 4075 1235 4129; x_wconf 87' lang='lat' dir='ltr'>sollicitudine</span> <span class='ocrx_word' id='word_1_330' title='bbox 1254 4074 1339 4142; x_wconf 89' lang='lat' dir='ltr'>dixit,</span> <span class='ocrx_word' id='word_1_331' title='bbox 1369 4076 1420 4128; x_wconf 92' lang='lat' dir='ltr'>hoc</span> <span class='ocrx_word' id='word_1_332' title='bbox 1439 4074 1486 4127; x_wconf 92' lang='lat' dir='ltr'>hic</span> <span class='ocrx_word' id='word_1_333' title='bbox 1504 4076 1536 4127; x_wconf 90' lang='lat' dir='ltr'>ut</span> 
     </span>
     <span class='ocr_line' id='line_1_36' title="bbox 260 4145 1535 4216; baseline -0.001 -18"><span class='ocrx_word' id='word_1_334' title='bbox 260 4147 311 4199; x_wconf 88' lang='lat' dir='ltr'>fiat</span> <span class='ocrx_word' id='word_1_335' title='bbox 328 4147 468 4213; x_wconf 86' lang='lat' dir='ltr'>hortetur,</span> <span class='ocrx_word' id='word_1_336' title='bbox 488 4163 520 4200; x_wconf 89' lang='lat' dir='ltr'>ac</span> <span class='ocrx_word' id='word_1_337' title='bbox 540 4145 563 4198; x_wconf 88' lang='lat' dir='ltr'>si</span> <span class='ocrx_word' id='word_1_338' title='bbox 582 4146 700 4200; x_wconf 88' lang='lat' dir='ltr'>diceret:</span> <span class='ocrx_word' id='word_1_339' title='bbox 720 4146 792 4200; x_wconf 92' lang='lat' dir='ltr'>nihil</span> <span class='ocrx_word' id='word_1_340' title='bbox 810 4148 853 4200; x_wconf 87' lang='lat' dir='ltr'>est</span> <span class='ocrx_word' id='word_1_341' title='bbox 872 4147 946 4215; x_wconf 89' lang='lat' dir='ltr'>quod</span> <span class='ocrx_word' id='word_1_342' title='bbox 965 4146 1054 4216; x_wconf 85' lang='lat' dir='ltr'>possis</span> <span class='ocrx_word' id='word_1_343' title='bbox 1074 4147 1172 4200; x_wconf 85' lang='lat' dir='ltr'>timere</span> <span class='ocrx_word' id='word_1_344' title='bbox 1192 4149 1220 4199; x_wconf 89' lang='lat' dir='ltr'>et</span> <span class='ocrx_word' id='word_1_345' title='bbox 1239 4146 1355 4199; x_wconf 79' lang='lat' dir='ltr'>Caesare</span> <span class='ocrx_word' id='word_1_346' title='bbox 1374 4145 1448 4199; x_wconf 89' lang='lat' dir='ltr'>inter</span> <span class='ocrx_word' id='word_1_347' title='bbox 1467 4145 1535 4200; x_wconf 90' lang='lat' dir='ltr'>deos</span> 
     </span>
     <span class='ocr_line' id='line_1_37' title="bbox 261 4216 1536 4287; baseline 0 -17"><span class='ocrx_word' id='word_1_348' title='bbox 261 4218 350 4272; x_wconf 89' lang='lat' dir='ltr'>relato</span> <span class='ocrx_word' id='word_1_349' title='bbox 374 4221 403 4272; x_wconf 90' lang='lat' dir='ltr'>et</span> <span class='ocrx_word' id='word_1_350' title='bbox 421 4218 548 4286; x_wconf 86' lang='lat' dir='ltr'>Augusto</span> <span class='ocrx_word' id='word_1_351' title='bbox 574 4219 633 4271; x_wconf 88' lang='lat' dir='ltr'>eius</span> <span class='ocrx_word' id='word_1_352' title='bbox 658 4217 717 4272; x_wconf 91' lang='lat' dir='ltr'>filio</span> <span class='ocrx_word' id='word_1_353' title='bbox 741 4219 877 4287; x_wconf 86' lang='lat' dir='ltr'>regnante</span> <span class='ocrx_word' id='word_1_354' title='bbox 901 4221 930 4272; x_wconf 89' lang='lat' dir='ltr'>et</span> <span class='ocrx_word' id='word_1_355' title='bbox 953 4221 1055 4271; x_wconf 89' lang='lat' dir='ltr'>cuneta</span> <span class='ocrx_word' id='word_1_356' title='bbox 1078 4218 1209 4287; x_wconf 86' lang='lat' dir='ltr'>subsequi</span> <span class='ocrx_word' id='word_1_357' title='bbox 1229 4219 1276 4271; x_wconf 89' lang='lat' dir='ltr'>eta</span> <span class='ocrx_word' id='word_1_358' title='bbox 1294 4217 1368 4285; x_wconf 80' lang='lat' dir='ltr'>(fort.</span> <span class='ocrx_word' id='word_1_359' title='bbox 1388 4217 1475 4286; x_wconf 86' lang='lat' dir='ltr'>laeta)</span> <span class='ocrx_word' id='word_1_360' title='bbox 1494 4216 1536 4270; x_wconf 87' lang='lat' dir='ltr'>fa·</span> 
     </span>
     <span class='ocr_line' id='line_1_38' title="bbox 260 4288 1536 4359; baseline 0 -18"><span class='ocrx_word' id='word_1_361' title='bbox 260 4289 364 4343; x_wconf 85' lang='lat' dir='ltr'>ciente:</span> <span class='ocrx_word' id='word_1_362' title='bbox 393 4288 466 4342; x_wconf 90' lang='lat' dir='ltr'>unde</span> <span class='ocrx_word' id='word_1_363' title='bbox 493 4306 604 4343; x_wconf 85' lang='lat' dir='ltr'>securus</span> <span class='ocrx_word' id='word_1_364' title='bbox 624 4289 735 4345; x_wconf 89' lang='lat' dir='ltr'>arbores</span> <span class='ocrx_word' id='word_1_365' title='bbox 754 4290 845 4343; x_wconf 90' lang='lat' dir='ltr'>insere</span> <span class='ocrx_word' id='word_1_366' title='bbox 865 4292 894 4343; x_wconf 89' lang='lat' dir='ltr'>et</span> <span class='ocrx_word' id='word_1_367' title='bbox 912 4290 1100 4359; x_wconf 85' lang='lat' dir='ltr'>agriculturae</span> <span class='ocrx_word' id='word_1_368' title='bbox 1119 4291 1207 4352; x_wconf 81' lang='lat' dir='ltr'>insta,</span> <span class='ocrx_word' id='word_1_369' title='bbox 1233 4288 1300 4357; x_wconf 87' lang='lat' dir='ltr'>quia</span> <span class='ocrx_word' id='word_1_370' title='bbox 1318 4288 1393 4357; x_wconf 90' lang='lat' dir='ltr'>quod</span> <span class='ocrx_word' id='word_1_371' title='bbox 1412 4289 1443 4341; x_wconf 88' lang='lat' dir='ltr'>tu</span> <span class='ocrx_word' id='word_1_372' title='bbox 1462 4305 1536 4341; x_wconf 88' lang='lat' dir='ltr'>nunc</span> 
     </span>
     <span class='ocr_line' id='line_1_39' title="bbox 259 4359 1536 4431; baseline 0 -18"><span class='ocrx_word' id='word_1_373' title='bbox 259 4360 431 4428; x_wconf 83' lang='lat' dir='ltr'>plantaueris</span> <span class='ocrx_word' id='word_1_374' title='bbox 450 4360 598 4428; x_wconf 84' lang='lat' dir='ltr'>nepotibus</span> <span class='ocrx_word' id='word_1_375' title='bbox 618 4361 673 4414; x_wconf 85' lang='lat' dir='ltr'>tuis</span> <span class='ocrx_word' id='word_1_376' title='bbox 692 4361 818 4430; x_wconf 89' lang='lat' dir='ltr'>proderit</span> <span class='ocrx_word' id='word_1_377' title='bbox 837 4361 864 4414; x_wconf 82' lang='lat' dir='ltr'><em>R</em></span> <span class='ocrx_word' id='word_1_378' title='bbox 878 4363 887 4429; x_wconf 77' lang='lat' dir='ltr'>ll</span> <span class='ocrx_word' id='word_1_379' title='bbox 903 4367 935 4414; x_wconf 92' lang='lat'>10</span> <span class='ocrx_word' id='word_1_380' title='bbox 953 4379 1019 4414; x_wconf 87' lang='lat' dir='ltr'>nam</span> <span class='ocrx_word' id='word_1_381' title='bbox 1039 4360 1074 4413; x_wconf 87' lang='lat' dir='ltr'>ad</span> <span class='ocrx_word' id='word_1_382' title='bbox 1093 4361 1165 4414; x_wconf 89' lang='lat' dir='ltr'>illud</span> <span class='ocrx_word' id='word_1_383' title='bbox 1183 4361 1211 4413; x_wconf 91' lang='lat' dir='ltr'><strong><em>P</em></strong></span> <span class='ocrx_word' id='word_1_384' title='bbox 1222 4361 1231 4428; x_wconf 92' lang='grc' dir='ltr'>ΙΙ</span> <span class='ocrx_word' id='word_1_385' title='bbox 1248 4365 1280 4413; x_wconf 88' lang='grc'>14</span> <span class='ocrx_word' id='word_1_386' title='bbox 1299 4359 1437 4431; x_wconf 87' lang='lat' dir='ltr'>potuisse]</span> <span class='ocrx_word' id='word_1_387' title='bbox 1457 4376 1536 4428; x_wconf 88' lang='lat' dir='ltr'>prae·</span> 
     </span>
     <span class='ocr_line' id='line_1_40' title="bbox 260 4430 1537 4501; baseline 0 -17"><span class='ocrx_word' id='word_1_388' title='bbox 260 4431 382 4486; x_wconf 86' lang='lat' dir='ltr'>sentium</span> <span class='ocrx_word' id='word_1_389' title='bbox 400 4433 537 4486; x_wconf 86' lang='lat' dir='ltr'>malorum</span> <span class='ocrx_word' id='word_1_390' title='bbox 557 4432 708 4500; x_wconf 83' lang='lat' dir='ltr'>asperitate</span> <span class='ocrx_word' id='word_1_391' title='bbox 728 4432 904 4493; x_wconf 76' lang='lat' dir='ltr'>deterritum,</span> <span class='ocrx_word' id='word_1_392' title='bbox 925 4433 992 4486; x_wconf 88' lang='lat' dir='ltr'>licet</span> <span class='ocrx_word' id='word_1_393' title='bbox 1011 4450 1094 4501; x_wconf 86' lang='lat' dir='ltr'>supra</span> <span class='ocrx_word' id='word_1_394' title='bbox 1113 4450 1161 4501; x_wconf 87' lang='lat' dir='ltr'>spe</span> <span class='ocrx_word' id='word_1_395' title='bbox 1181 4431 1219 4484; x_wconf 86' lang='lat' dir='ltr'>sit</span> <span class='ocrx_word' id='word_1_396' title='bbox 1237 4430 1396 4485; x_wconf 87' lang='lat' dir='ltr'>consolatus</span> <span class='ocrx_word' id='word_1_397' title='bbox 1411 4433 1478 4484; x_wconf 82' lang='lat' dir='ltr'>odd.</span> <span class='ocrx_word' id='word_1_398' title='bbox 1490 4430 1537 4501; x_wconf 74' lang='grc' dir='ltr'>ΒΗ</span> 
     </span>
     <span class='ocr_line' id='line_1_41' title="bbox 262 4501 1537 4573; baseline -0.002 -17"><span class='ocrx_word' id='word_1_399' title='bbox 262 4509 294 4557; x_wconf 88' lang='grc'>19</span> <span class='ocrx_word' id='word_1_400' title='bbox 318 4505 354 4559; x_wconf 84' lang='lat' dir='ltr'>od</span> <span class='ocrx_word' id='word_1_401' title='bbox 372 4520 396 4557; x_wconf 91' lang='lat' dir='ltr'>o.</span> <span class='ocrx_word' id='word_1_402' title='bbox 413 4508 445 4556; x_wconf 82' lang='lat'>53</span> <span class='ocrx_word' id='word_1_403' title='bbox 470 4502 565 4556; x_wconf 89' lang='lat' dir='ltr'>Oblita</span> <span class='ocrx_word' id='word_1_404' title='bbox 588 4502 675 4557; x_wconf 91' lang='lat' dir='ltr'>mihi:</span> <span class='ocrx_word' id='word_1_405' title='bbox 701 4505 811 4573; x_wconf 78' lang='lat' dir='ltr'>passius</span> <span class='ocrx_word' id='word_1_406' title='bbox 836 4503 907 4557; x_wconf 85' lang='lat' dir='ltr'>dixit</span> <span class='ocrx_word' id='word_1_407' title='bbox 929 4507 980 4573; x_wconf 87' lang='lat' dir='ltr'>pro</span> <span class='ocrx_word' id='word_1_408' title='bbox 1006 4505 1035 4557; x_wconf 82' lang='lat' dir='ltr'>‘a</span> <span class='ocrx_word' id='word_1_409' title='bbox 1059 4522 1103 4558; x_wconf 91' lang='lat' dir='ltr'>me</span> <span class='ocrx_word' id='word_1_410' title='bbox 1123 4503 1212 4559; x_wconf 89' lang='lat' dir='ltr'>oblita</span> <span class='ocrx_word' id='word_1_411' title='bbox 1232 4502 1387 4555; x_wconf 87' lang='lat' dir='ltr'>Carmina’:</span> <span class='ocrx_word' id='word_1_412' title='bbox 1416 4501 1537 4555; x_wconf 88' lang='lat' dir='ltr'>subaudi</span> 
     </span>
     <span class='ocr_line' id='line_1_42' title="bbox 261 4573 1537 4645; baseline -0.002 -17"><span class='ocrx_word' id='word_1_413' title='bbox 261 4575 359 4629; x_wconf 84' lang='lat' dir='ltr'>‘sunt’.</span> <span class='ocrx_word' id='word_1_414' title='bbox 397 4574 512 4628; x_wconf 90' lang='lat' dir='ltr'>Moerim</span> <span class='ocrx_word' id='word_1_415' title='bbox 532 4574 617 4643; x_wconf 81' lang='lat' dir='ltr'>sugit:</span> <span class='ocrx_word' id='word_1_416' title='bbox 636 4574 665 4626; x_wconf 93' lang='lat' dir='ltr'>id</span> <span class='ocrx_word' id='word_1_417' title='bbox 685 4576 729 4628; x_wconf 91' lang='lat' dir='ltr'>est</span> <span class='ocrx_word' id='word_1_418' title='bbox 746 4593 798 4630; x_wconf 90' lang='lat' dir='ltr'>me.</span> <span class='ocrx_word' id='word_1_419' title='bbox 836 4576 896 4630; x_wconf 87' lang='lat' dir='ltr'>Vox</span> <span class='ocrx_word' id='word_1_420' title='bbox 916 4575 993 4645; x_wconf 83' lang='lat' dir='ltr'>ipsa:</span> <span class='ocrx_word' id='word_1_421' title='bbox 1012 4575 1041 4627; x_wconf 91' lang='lat' dir='ltr'>id</span> <span class='ocrx_word' id='word_1_422' title='bbox 1060 4578 1178 4629; x_wconf 85' lang='lat' dir='ltr'>estnon</span> <span class='ocrx_word' id='word_1_423' title='bbox 1197 4575 1286 4628; x_wconf 90' lang='lat' dir='ltr'>solum</span> <span class='ocrx_word' id='word_1_424' title='bbox 1306 4574 1460 4628; x_wconf 85' lang='lat' dir='ltr'>carminum</span> <span class='ocrx_word' id='word_1_425' title='bbox 1479 4573 1537 4643; x_wconf 91' lang='lat' dir='ltr'>pri-</span> 
     </span>
     <span class='ocr_line' id='line_1_43' title="bbox 260 4644 1538 4715; baseline 0.001 -18"><span class='ocrx_word' id='word_1_426' title='bbox 260 4663 337 4699; x_wconf 84' lang='lat' dir='ltr'>orum</span> <span class='ocrx_word' id='word_1_427' title='bbox 358 4646 554 4710; x_wconf 68' lang='lat' dir='ltr'>obliturum,</span> <span class='ocrx_word' id='word_1_428' title='bbox 576 4646 727 4700; x_wconf 85' lang='lat' dir='ltr'>sedetiam</span> <span class='ocrx_word' id='word_1_429' title='bbox 747 4663 846 4701; x_wconf 90' lang='lat' dir='ltr'>uocem</span> <span class='ocrx_word' id='word_1_430' title='bbox 867 4664 922 4715; x_wconf 86' lang='lat' dir='ltr'>qua</span> <span class='ocrx_word' id='word_1_431' title='bbox 945 4651 1012 4701; x_wconf 91' lang='lat' dir='ltr'>tunc</span> <span class='ocrx_word' id='word_1_432' title='bbox 1032 4647 1166 4700; x_wconf 88' lang='lat' dir='ltr'>canebam</span> <span class='ocrx_word' id='word_1_433' title='bbox 1187 4645 1265 4699; x_wconf 87' lang='lat' dir='ltr'>amisi</span> <span class='ocrx_word' id='word_1_434' title='bbox 1286 4645 1313 4698; x_wconf 84' lang='lat' dir='ltr'><em>R</em></span> <span class='ocrx_word' id='word_1_435' title='bbox 1332 4648 1341 4715; x_wconf 86' lang='grc' dir='ltr'>ΙΙ</span> <span class='ocrx_word' id='word_1_436' title='bbox 1362 4644 1407 4699; x_wconf 85' lang='lat' dir='ltr'>val</span> <span class='ocrx_word' id='word_1_437' title='bbox 1426 4660 1485 4714; x_wconf 73' lang='lat' dir='ltr'>epo:</span> <span class='ocrx_word' id='word_1_438' title='bbox 1505 4648 1538 4698; x_wconf 88' lang='lat' dir='ltr'>ut</span> 
     </span>
     <span class='ocr_line' id='line_1_44' title="bbox 259 4715 1537 4787; baseline 0 -17"><span class='ocrx_word' id='word_1_439' title='bbox 259 4719 286 4770; x_wconf 80' lang='lat' dir='ltr'><em>L</em></span> <span class='ocrx_word' id='word_1_440' title='bbox 314 4721 363 4771; x_wconf 87' lang='lat' dir='ltr'>aut</span> <span class='ocrx_word' id='word_1_441' title='bbox 381 4720 464 4786; x_wconf 77' lang='lat' dir='ltr'>illan</span> <span class='ocrx_word' id='word_1_442' title='bbox 484 4715 602 4770; x_wconf 79' lang='lat' dir='ltr'>amissa?</span> <span class='ocrx_word' id='word_1_443' title='bbox 617 4720 626 4787; x_wconf 83' lang='lat' dir='ltr'>i</span> <span class='ocrx_word' id='word_1_444' title='bbox 640 4723 674 4771; x_wconf 78' lang='lat'>20</span> <span class='ocrx_word' id='word_1_445' title='bbox 693 4717 837 4772; x_wconf 86' lang='lat' dir='ltr'>manalcae</span> <span class='ocrx_word' id='word_1_446' title='bbox 856 4719 882 4771; x_wconf 84' lang='lat' dir='ltr'><em>L</em></span> <span class='ocrx_word' id='word_1_447' title='bbox 896 4722 905 4786; x_wconf 75' lang='grc' dir='ltr'><strong>Η</strong></span> <span class='ocrx_word' id='word_1_448' title='bbox 919 4718 1058 4773; x_wconf 88' lang='lat' dir='ltr'>retullisse</span> <span class='ocrx_word' id='word_1_449' title='bbox 1077 4717 1113 4786; x_wconf 85' lang='lat' dir='ltr'>L,</span> <span class='ocrx_word' id='word_1_450' title='bbox 1131 4735 1200 4772; x_wconf 88' lang='lat' dir='ltr'>corr.</span> <span class='ocrx_word' id='word_1_451' title='bbox 1220 4719 1252 4786; x_wconf 76' lang='lat' dir='ltr'>ill</span> <span class='ocrx_word' id='word_1_452' title='bbox 1266 4722 1300 4769; x_wconf 76' lang='grc'>22</span> <span class='ocrx_word' id='word_1_453' title='bbox 1320 4733 1348 4770; x_wconf 88' lang='lat' dir='ltr'>se</span> <span class='ocrx_word' id='word_1_454' title='bbox 1367 4718 1466 4770; x_wconf 60' lang='lat' dir='ltr'>antidi</span> <span class='ocrx_word' id='word_1_455' title='bbox 1479 4718 1488 4787; x_wconf 85' lang='grc' dir='ltr'>ΙΙ</span> <span class='ocrx_word' id='word_1_456' title='bbox 1502 4722 1537 4770; x_wconf 79' lang='lat'>24</span> 
     </span>
     <span class='ocr_line' id='line_1_45' title="bbox 258 4787 1536 4860; baseline 0.001 -20"><span class='ocrx_word' id='word_1_457' title='bbox 258 4807 359 4843; x_wconf 80' lang='lat' dir='ltr'>nouum</span> <span class='ocrx_word' id='word_1_458' title='bbox 377 4789 405 4842; x_wconf 83' lang='lat' dir='ltr'><strong><em>A</em></strong></span> <span class='ocrx_word' id='word_1_459' title='bbox 423 4791 432 4860; x_wconf 74' lang='lat' dir='ltr'>ll</span> <span class='ocrx_word' id='word_1_460' title='bbox 451 4795 485 4842; x_wconf 78' lang='lat' dir='ltr'>to</span> <span class='ocrx_word' id='word_1_461' title='bbox 503 4790 577 4857; x_wconf 90' lang='lat' dir='ltr'>quod</span> <span class='ocrx_word' id='word_1_462' title='bbox 597 4807 650 4843; x_wconf 83' lang='lat' dir='ltr'>uox</span> <span class='ocrx_word' id='word_1_463' title='bbox 669 4788 828 4843; x_wconf 82' lang='lat' dir='ltr'>detrahitur</span> <span class='ocrx_word' id='word_1_464' title='bbox 847 4790 872 4843; x_wconf 91' lang='lat' dir='ltr'>ei</span> <span class='ocrx_word' id='word_1_465' title='bbox 891 4791 918 4843; x_wconf 81' lang='lat' dir='ltr'><strong><em>L</em></strong></span> <span class='ocrx_word' id='word_1_466' title='bbox 931 4793 940 4859; x_wconf 83' lang='grc' dir='ltr'>ΙΙ</span> <span class='ocrx_word' id='word_1_467' title='bbox 958 4789 1080 4859; x_wconf 90' lang='lat' dir='ltr'>primum</span> <span class='ocrx_word' id='word_1_468' title='bbox 1100 4790 1126 4843; x_wconf 82' lang='lat' dir='ltr'><strong><em>L</em></strong></span> <span class='ocrx_word' id='word_1_469' title='bbox 1140 4790 1149 4857; x_wconf 90' lang='grc' dir='ltr'>ΙΙ</span> <span class='ocrx_word' id='word_1_470' title='bbox 1162 4794 1195 4841; x_wconf 77' lang='lat'>27</span> <span class='ocrx_word' id='word_1_471' title='bbox 1216 4787 1342 4856; x_wconf 86' lang='lat' dir='ltr'>loquitur</span> <span class='ocrx_word' id='word_1_472' title='bbox 1360 4787 1387 4840; x_wconf 83' lang='lat' dir='ltr'><strong><em>A</em></strong></span> <span class='ocrx_word' id='word_1_473' title='bbox 1407 4790 1487 4855; x_wconf 88' lang='lat' dir='ltr'>(corr.</span> <span class='ocrx_word' id='word_1_474' title='bbox 1507 4790 1536 4857; x_wconf 88' lang='lat' dir='ltr'>u)</span> 
     </span>
     <span class='ocr_line' id='line_1_46' title="bbox 258 4859 1310 4930; baseline -0.001 -16"><span class='ocrx_word' id='word_1_475' title='bbox 258 4862 410 4930; x_wconf 88' lang='lat' dir='ltr'>loquuntur</span> <span class='ocrx_word' id='word_1_476' title='bbox 428 4861 462 4914; x_wconf 88' lang='lat' dir='ltr'><em>H</em></span> <span class='ocrx_word' id='word_1_477' title='bbox 472 4862 482 4930; x_wconf 82' lang='grc' dir='ltr'>ΙΙ</span> <span class='ocrx_word' id='word_1_478' title='bbox 495 4876 544 4913; x_wconf 86' lang='lat' dir='ltr'>sua</span> <span class='ocrx_word' id='word_1_479' title='bbox 562 4861 653 4914; x_wconf 84' lang='lat' dir='ltr'>BPR</span> <span class='ocrx_word' id='word_1_480' title='bbox 667 4862 676 4929; x_wconf 91' lang='grc' dir='ltr'>ΙΙ</span> <span class='ocrx_word' id='word_1_481' title='bbox 690 4859 855 4916; x_wconf 86' lang='lat' dir='ltr'>facultatem</span> <span class='ocrx_word' id='word_1_482' title='bbox 876 4863 1007 4930; x_wconf 81' lang='lat' dir='ltr'>amputat</span> <span class='ocrx_word' id='word_1_483' title='bbox 1026 4862 1061 4914; x_wconf 87' lang='lat' dir='ltr'>do</span> <span class='ocrx_word' id='word_1_484' title='bbox 1081 4878 1110 4915; x_wconf 87' lang='lat' dir='ltr'>sc</span> <span class='ocrx_word' id='word_1_485' title='bbox 1130 4859 1263 4927; x_wconf 89' lang='lat' dir='ltr'>loquendi</span> <span class='ocrx_word' id='word_1_486' title='bbox 1281 4859 1310 4913; x_wconf 88' lang='lat' dir='ltr'><em>R</em></span> 
     </span>
    </p>
   </div>
   <div class='ocr_carea' id='block_1_5' title="bbox 0 0 1682 5430">
    <p class='ocr_par' dir='ltr' id='par_1_17' title="bbox 0 0 1682 5430">
     <span class='ocr_line' id='line_1_47' title="bbox 0 0 1682 5430; baseline 0 1"><span class='ocrx_word' id='word_1_487' title='bbox 0 0 1682 5430; x_wconf 95' lang='lat' dir='ltr'> </span> 
     </span>
    </p>
   </div>
  </div>
 </body>
</html>
