3354 5430
522 388 637 444 colcu.
659 388 696 443 lu
719 389 826 444 VEEE.
847 390 923 445 Eva.
943 389 968 442 X
986 393 1099 443 ee-m.
1387 388 1449 452 127

173 576 252 619 cam
282 559 441 634 eacctra,
471 574 548 618 arem
577 574 667 635 apro
695 536 877 636 Aetolica,
907 573 985 617 ailla
1014 551 1143 617 acibus
1172 551 1454 635 Stymphalicis,

173 682 253 726 cam
275 662 419 726 Aalaco
441 681 494 724 lac
515 661 701 725 dclaclarc'
723 662 940 744 malueram,
962 681 1070 742 qaam
1092 680 1170 724 caasa
1193 660 1335 724 Amare.

268 769 319 832 70.
356 786 451 833 EAEc
474 785 537 833 sau
562 786 644 831 Eum
668 767 732 831 iam
759 768 799 831 ad
823 789 933 832 musas
958 767 1113 852 loquitur.

267 876 316 940 ll.
354 891 497 939 osiana
521 890 717 939 Eiscnnnnu
741 891 849 937 unum
874 889 1013 938 unusco
1038 895 1075 938 ac
1099 873 1127 937 si
1146 873 1282 938 diceret:
1306 872 1368 936 nisi
1392 872 1454 937 hac

175 1004 210 1045 re
235 986 425 1066 occupatus,
450 981 582 1045 minime
602 1002 758 1045 canerem.
789 979 984 1065 allegoricos
1003 984 1112 1044 autem
1133 979 1298 1064 significat
1316 1001 1350 1043 se
1369 1001 1453 1043 coui-
1473 997 1488 1042 o

175 1088 324 1173 posuisse
347 1088 433 1152 hunc
457 1087 605 1151 libellum
629 1088 820 1152 tenuissimo
845 1087 930 1151 stilo.

268 1196 319 1260 74.
342 1212 512 1272 Qvnu‘rvu
532 1213 621 1258 VEEE
647 1211 743 1259 uovo
763 1211 894 1259 vlnmls
919 1210 958 1259 SE
979 1211 1115 1259 svslcm
1135 1211 1246 1260 acnvs
1270 1193 1349 1258 ‘acra
1365 1191 1454 1258 aaaa'

175 1303 221 1366 aci
240 1303 435 1386 ymeraliter,
458 1301 504 1366 ael
525 1301 585 1366 sibi
607 1322 692 1366 aava.
732 1300 862 1366 ‘viridis’
888 1307 991 1366 aulem
1011 1322 1068 1383 pro
1092 1306 1202 1366 macra.
1238 1300 1454 1365 aliusdicit:

176 1430 264 1491 amo,
291 1408 411 1493 inquit,
441 1407 587 1492 Gallum,
615 1409 671 1472 sed
694 1409 849 1491 latenter,
872 1408 957 1501 sicut
981 1408 1114 1472 arbores
1139 1412 1288 1473 crescunt
1312 1444 1354 1456 -
1378 1429 1454 1471 nam

176 1515 378 1599 comparatio
401 1515 466 1580 ista
489 1515 551 1580 hoc
574 1515 738 1600 significat
764 1552 819 1599 -,
842 1515 966 1580 scilicet
988 1520 1123 1599 propter
1147 1514 1329 1580 Caesarem.
1376 1513 1454 1579 ‘sab
1476 1532 1507 1579 ro

177 1621 247 1686 icit'
270 1644 340 1688 vero
362 1623 408 1687 ael
430 1643 554 1688 saraim
576 1624 665 1706 iacit,
687 1623 734 1687 ccl
756 1622 857 1687 studim
879 1624 962 1688 iacit.

267 1730 317 1794 76.
355 1752 478 1795 Eacsrr
502 1748 547 1794 ET
577 1746 748 1795 EEvorssvs
777 1748 919 1795 quEAE
957 1734 1079 1814 quanto
1112 1729 1217 1816 magis
1245 1730 1455 1794 hominibus?

177 1837 261 1902 unde
289 1839 401 1902 estin
431 1839 593 1923 georgicis
617 1837 654 1920 <1
682 1838 765 1920 156>
804 1842 841 1902 et
878 1837 981 1902 ruris
1019 1837 1129 1921 opaci
1166 1836 1267 1901 falce
1304 1858 1455 1921 premes

177 1944 362 2028 umbram,
385 1950 418 2009 et
442 1946 521 2009 item
545 1944 623 2008 alibi
647 1943 684 2027 <1
711 1945 796 2028 121>
820 1949 885 2008 aut
909 1944 1043 2008 umbra
1066 1947 1189 2008 nocet.

268 2052 319 2117 ll.
355 2071 413 2117 mn
442 2070 570 2117 nouvn
600 2069 757 2118 servans
788 2070 817 2116 v.
842 2070 874 2116 u.
897 2070 919 2116 1.
943 2068 970 2115 c.
998 2051 1176 2116 verecunde
1201 2071 1235 2113 se
1259 2050 1455 2133 capellarum
1476 2068 1508 2115 ro

178 2158 257 2223 dicit
281 2181 351 2223 esse
374 2164 554 2243 pastorem,
586 2160 619 2223 id
642 2163 692 2223 est
715 2157 948 2245 vilissimorum
972 2157 1177 2222 animalium:
1209 2179 1285 2221 nam
1309 2157 1456 2224 bucolica

179 2266 337 2350 scribens,
361 2266 473 2331 debuit
497 2288 531 2331 se
554 2266 660 2331 dicere
684 2267 782 2331 boum
807 2287 877 2330 esse
895 2269 1074 2350 pastorem,
1098 2265 1154 2328 sed
1173 2263 1279 2328 vitans
1300 2286 1455 2350 arrogan-

178 2373 274 2457 tiam,
302 2374 453 2438 ultimum
483 2397 517 2439 se
540 2374 644 2439 voluit
667 2395 752 2458 esse,
780 2395 846 2438 non
869 2373 1050 2458 principem
1073 2371 1108 2434 in
1131 2370 1309 2436 scribendis
1336 2372 1457 2437 bucoli-

178 2481 238 2544 cis:
260 2482 401 2562 quamais
423 2481 483 2546 alii
504 2481 621 2559 dicam,
643 2482 710 2546 idco
733 2502 803 2546 mem
825 2482 919 2545 aliam
941 2480 1130 2562 capellarum
1147 2499 1179 2543 sc
1196 2499 1379 2544 meacmassc
1395 2502 1455 2561 pa·

176 2592 301 2671 staram
323 2590 406 2670 arcad
425 2589 511 2671 apml
531 2589 698 2654 amaecllas
719 2589 756 2652 dc
778 2589 881 2671 capris
898 2592 1026 2670 propter
1049 2587 1275 2650 abamlamiam
1299 2587 1388 2651 lactis
1410 2588 1456 2653 ccl
1474 2603 1509 2651 so

175 2695 295 2774 saluam
313 2696 414 2760 maior
429 2696 551 2775 fructus
563 2700 699 2779 mitam,
717 2701 752 2759 al
768 2697 833 2778 epse
850 2697 897 2760 ait
914 2696 1065 2760 (lausiac
1086 2693 1172 2758 biae
1193 2693 1349 2778 suboles,
1372 2694 1458 2759 leima

177 2802 279 2886 larpi
300 2803 405 2884 capia
428 2804 551 2888 lactis,
586 2808 615 2867 cl
637 2804 708 2867 item
735 2823 803 2884 qua
831 2803 952 2866 minor
973 2807 1027 2867 cst
1048 2802 1132 2867 ilas
1153 2822 1263 2866 carae
1285 2802 1457 2866 mortalis

176 2915 325 2994 epactas.

269 3092 302 3139 10
320 3085 440 3142 subicit.
451 3085 566 3156 ..iacit]
587 3085 620 3140 cf.
640 3086 712 3140 Non.
732 3104 759 3156 p.
776 3092 836 3153 168,
847 3093 882 3140 34
893 3103 954 3155 sqq.
974 3088 1003 3140 et
1022 3092 1083 3153 387,
1096 3092 1128 3140 16
1142 3089 1152 3155 Ι
1166 3090 1198 3139 sl
1219 3085 1342 3154 densior]
1360 3104 1456 3155 georg.

180 3157 218 3211 ΙΙΙ
236 3164 289 3213 308
302 3158 312 3226 Ι
325 3163 360 3212 22
378 3174 434 3226 quo
454 3157 557 3230 minor]
576 3173 671 3227 georg.
690 3156 728 3210 IIl
748 3162 800 3211 319

269 3324 283 3371 1
304 3320 432 3384 excetcra
451 3318 476 3371 L
498 3321 508 3387 Ι
530 3318 632 3372 ctolico
652 3318 677 3371 L
699 3320 709 3386 Ι
731 3318 897 3386 stymfacilis
917 3320 944 3373 L
980 3318 1147 3387 stymfalicis
1168 3319 1201 3374 P.
1220 3318 1326 3372 Daniel
1343 3321 1353 3387 Ι
1373 3324 1389 3371 2
1409 3335 1455 3371 an-

178 3391 263 3443 thaeo
281 3390 308 3442 L
325 3391 335 3457 Ι
352 3391 425 3443 med’
444 3390 560 3443 eluctari
580 3389 685 3443 Daniel
697 3396 737 3454 13
756 3408 865 3444 mnsam
884 3391 933 3458 ΡΙ
951 3396 967 3444 6
987 3391 1066 3461 stilo]
1088 3390 1211 3444 hibiscus
1231 3406 1319 3458 genus
1337 3392 1382 3443 est
1399 3390 1454 3442 lrn-

179 3461 252 3515 ticis.
288 3461 425 3515 Pierides:
449 3461 588 3530 nymphae
607 3477 625 3513 a
642 3462 720 3530 piero
739 3464 841 3516 monte.
879 3461 1016 3516 Maxima:
1042 3466 1125 3531 grata
1144 3464 1174 3515 et
1191 3461 1373 3515 delectabilia
1390 3463 1454 3515 aad.

180 3533 207 3584 R
233 3533 243 3599 Ι
270 3533 397 3600 einqnit
414 3549 464 3586 am.
485 3533 511 3585 L
530 3533 605 3601 (add.
624 3535 650 3601 l)
676 3535 687 3599 Ι
715 3538 747 3585 10
767 3533 893 3587 ‘subicit’
916 3549 981 3587 veto
999 3549 1062 3601 epo:
1083 3532 1219 3587 subicitur
1237 3532 1278 3585 rei
1296 3532 1322 3585 L
1354 3531 1457 3585 subicit

178 3603 333 3658 Maeciam
358 3606 368 3669 Ι
396 3610 429 3657 18
451 3620 506 3658 non
528 3603 608 3657 ML:
637 3620 689 3658 mn.
708 3604 876 3658 ABPRH
899 3606 909 3672 Ι
935 3610 971 3657 23
989 3604 1052 3657 finit
1069 3603 1215 3658 bucolicon
1234 3604 1262 3656 B
1298 3622 1455 3657 nxrnrcrvur

179 3691 299 3728 arenosae
318 3675 346 3727 ll
384 3694 504 3728 exunrcrr
523 3675 561 3729 Η,
