3354 5430
489 362 600 417 couu.
622 363 660 417 iu
680 362 786 417 vaae.
807 362 936 418 cusona
956 363 994 417 iv
1014 369 1162 420 asi-ree.
1395 367 1459 431 355

274 528 349 592 461.
387 544 490 592 RHusl
512 522 693 592 huvoaslu
718 546 848 593 sununs
873 550 971 611 quam
994 531 1110 613 postca
1129 528 1255 593 Rhesus
1279 532 1393 595 tenuit.
1426 536 1459 594 et

186 639 236 698 est
263 634 423 719 prolepsis
452 658 490 699 ex
518 657 658 719 persona
681 640 809 719 poetae:
847 658 910 720 quo
935 635 1020 699 enim
1044 639 1191 720 tempore
1216 636 1363 719 Orpheus
1386 638 1459 721 fuit,

186 741 314 807 Rhesus
337 741 472 806 necdum
496 743 656 828 regnabat
678 742 711 806 in
736 742 882 807 Thracia.
920 748 949 807 et
969 744 1077 807 aliter:
1101 741 1277 827 ‘Panpaea’
1303 744 1458 809 Thraciae

184 854 308 914 unuin.
352 849 472 914 Rhesus
498 852 563 914 dun
589 851 754 914 Thraourn.
799 855 828 914 ct
849 854 892 914 est
908 851 1072 931 prolepsis
1100 851 1175 930 arcia
1199 849 1336 932 Orpheus
1357 851 1457 916 Rheso

184 957 341 1036 antiquior
368 961 419 1021 est.
465 958 576 1022 idcirm
602 962 704 1021 aeruna
735 957 873 1021 Thracia
896 955 1072 1021 ‘Mauortia
1099 955 1203 1021 telius’
1230 958 1351 1039 dicitur,
1383 960 1492 1039 quina

184 1063 389 1126 indivisione
412 1068 510 1127 terrae
531 1063 635 1127 Marti
656 1065 752 1128 cessit.

273 1170 346 1234 462.
385 1191 491 1240 Arous
514 1192 619 1234 aaran
642 1169 744 1234 Gothi.
847 1187 984 1234 sunaus
1008 1169 1125 1236 fluvius
1149 1171 1306 1235 Thraciae
1330 1170 1458 1255 gelidis-

184 1277 294 1340 simus.
401 1293 523 1341 scmus
548 1293 718 1363 oulsHYm
743 1277 951 1342 Atheniensis
974 1278 1132 1362 nympha,
1156 1299 1252 1361 quam
1277 1276 1400 1340 Boreas
1424 1277 1457 1341 in

183 1404 277 1446 suum
302 1383 545 1447 matrimonium
569 1383 684 1467 rapuit.
722 1388 749 1446 et
771 1384 877 1447 aliter:
902 1381 1083 1466 ‘Orithyia',
1107 1378 1269 1447 Erechthei
1291 1389 1320 1447 et
1341 1383 1456 1448 Proni-

181 1487 267 1552 theac
292 1489 375 1572 sitia,
407 1489 447 1553 ab
469 1491 623 1572 Aquilone
649 1492 684 1553 iu
713 1489 882 1553 Thraciam
909 1495 1015 1571 rapta,
1049 1489 1157 1554 Zetunu
1184 1494 1213 1553 et
1235 1488 1348 1555 Calain
1375 1492 1509 1572 (ilios10

181 1597 283 1659 atidit.
307 1593 438 1660 ‘Actias’
462 1602 563 1660 auteur
585 1597 651 1661 ideo
673 1597 767 1676 dieta,
790 1597 871 1676 quod
883 1595 1080 1660 Atheniensis
1100 1597 1170 1675 sirit.
1203 1596 1330 1676 quinam
1352 1598 1459 1661 ootirnt

178 1695 328 1784 Ἀττικὴν
347 1704 450 1784 prino
473 1705 635 1768 vocitatam
654 1699 814 1785 Ἀκτικὴν,
837 1705 912 1784 quia
934 1705 976 1768 sit
997 1704 1136 1768 litoralis.

271 1810 345 1873 463.
378 1827 468 1874 cava
487 1826 685 1875 susuvnlnu
706 1809 905 1894 periphrasis
925 1810 1083 1893 citharae,
1102 1810 1192 1874 cuius
1211 1832 1288 1874 usus
1307 1815 1455 1895 repertus

182 1922 232 1980 est
254 1917 316 1980 hoc
340 1917 449 1981 modo:
473 1939 545 1981 cunr
568 1917 753 2002 regrediens
772 1917 869 1981 Nilus
892 1917 926 1981 in
945 1941 1021 1983 suos
1041 1925 1166 1982 meatus
1190 1918 1279 1983 varia
1302 1918 1336 1982 in
1359 1918 1456 1983 terris

183 2023 368 2107 reliquisset
392 2022 560 2105 animalia,
583 2024 697 2089 relicta
721 2024 819 2089 etiam
843 2025 972 2090 testudo
992 2030 1051 2091 est.
1082 2048 1163 2109 quae
1183 2048 1254 2091 curn
1273 2025 1457 2111 putrefacta
1477 2043 1509 2090 15

183 2134 268 2194 esset
297 2134 329 2194 et
356 2131 448 2195 nervi
476 2131 544 2196 eius
573 2133 806 2197 remansissent
834 2133 955 2195 extenti
984 2133 1070 2196 iutra
1098 2133 1234 2214 corium,
1261 2155 1456 2216 percussae

182 2237 340 2303 Mercurio
365 2239 506 2303 sonitum
531 2240 627 2304 dedit.
660 2262 698 2304 ex
722 2240 812 2304 ouius
836 2238 1020 2303 imitatione
1043 2239 1170 2303 cithara
1193 2243 1243 2303 est
1266 2241 1455 2322 composita.

228 2362 370 2410 huauvu
394 2364 542 2411 uuonan
565 2351 737 2427 maestum,
761 2346 941 2428 deceptum.
1405 2331 1409 2335 ⁴

271 2455 345 2517 464.
383 2471 472 2518 sono
496 2473 533 2517 ln
556 2471 684 2517 ursona
709 2452 849 2536 deserto,
870 2451 906 2515 in
929 2475 992 2536 quo
1017 2452 1085 2515 sine
1109 2475 1208 2516 uxore
1233 2453 1430 2519 morabatur.

268 2561 341 2624 466.
380 2577 576 2624 Thannuris
605 2576 714 2623 sumu
741 2575 874 2624 navens
903 2558 1069 2622 Taenarus
1093 2559 1271 2623 Laconicae
1300 2582 1452 2644 promun·
1472 2578 1507 2628 20

179 2668 299 2729 torium
324 2671 374 2730 est
397 2667 482 2730 circa
501 2667 597 2729 finem
612 2664 750 2746 Maleae,
774 2665 829 2728 ubi
848 2665 1025 2730 inferorum
1045 2666 1162 2730 dicitur
1181 2689 1251 2730 esse
1271 2666 1453 2734 descensus.

178 2776 206 2834 ot
227 2773 333 2835 aliter:
356 2775 391 2836 in
417 2775 557 2838 Taenaro
579 2773 674 2855 eninr,
694 2774 907 2854 prourrmtorio
924 2772 1113 2865 ,Laconicae
1136 2775 1363 2839 demonstratur
1385 2775 1454 2840 alta

179 2881 329 2960 qrrueduue
351 2902 475 2963 uorupo,
500 2902 556 2963 per
577 2900 672 2962 priam
694 2881 849 2944 emersisse
872 2874 1019 2944 Heroides
1042 2880 1081 2944 ab
1103 2881 1213 2961 inferis
1235 2883 1357 2965 dicitur,
1384 2903 1453 2946 cunr

181 2988 300 3050 duceret
322 2985 491 3052 Oudoura.

266 3094 340 3158 468.
377 3112 565 3171 uanusovu
588 3112 684 3159 unns
709 3113 860 3172 ansano.
876 3114 905 3158 r.
930 3096 1009 3159 haec
1033 3094 1142 3160 omnia
1165 3095 1204 3159 ad
1228 3095 1356 3159 laudem
1381 3119 1450 3179 per·
1471 3113 1505 3161 aa

181 3200 288 3264 tinent
311 3201 467 3284 citharae,
491 3224 555 3285 qua
578 3202 680 3266 fretus
703 3203 768 3266 ista
791 3203 964 3287 superavit.

265 3309 341 3372 469.
378 3326 571 3386 usscmovs
601 3326 756 3374 nvnuurs
786 3327 816 3372 P.
840 3327 875 3372 u.
899 3328 927 3375 c.
961 3309 1001 3372 ad
1029 3309 1152 3374 exitum
1180 3309 1310 3374 futurae
1333 3311 1380 3375 rei
1403 3333 1451 3375 re-

180 3414 299 3498 spexit,
321 3438 387 3479 non
412 3418 450 3480 ad
475 3416 681 3500 principium:
705 3438 780 3479 nam
803 3416 909 3501 primo
934 3416 1050 3481 meruit
1073 3415 1265 3501 Eurydicen.

266 3635 298 3681 13
318 3627 396 3681 cuius
415 3645 514 3682 usus..
528 3626 652 3681 ,cithara
670 3627 714 3680 est
732 3627 899 3698 composita]
920 3643 1006 3683 exscr.
1026 3628 1091 3681 lsid.
1107 3642 1144 3680 or.
1161 3625 1200 3678 111
1219 3631 1262 3693 21,
1275 3632 1291 3680 8
1305 3629 1314 3697 11
1328 3634 1362 3681 20
1381 3629 1451 3684 Tue-

175 3716 258 3753 narus
270 3743 275 3753 .
288 3744 293 3755 .
307 3743 312 3753 .
324 3700 482 3770 descensus]
503 3699 536 3753 cf.
556 3698 635 3754 Luat.
656 3700 730 3753 Plac.
750 3699 786 3752 ad
807 3698 877 3752 Stat.
896 3698 983 3752 Theb.
1001 3699 1014 3752 Ι
1034 3705 1067 3753 26

262 3901 275 3947 1
296 3914 356 3948 aasr
373 3895 400 3950 A
436 3913 527 3949 ssussr
547 3895 621 3962 PH,
640 3902 672 3950 ut
689 3901 714 3950 et
731 3895 810 3961 infru
829 3895 870 3949 aa
888 3893 1000 3948 rhessus
1021 3896 1048 3948 P
1060 3898 1069 3966 11
1083 3895 1268 3950 rhesustinuit
1286 3895 1313 3950 A
1326 3899 1365 3964 112
1385 3915 1447 3965 pro-

174 3967 287 4034 lempsis
306 3967 377 4022 AM
410 3965 556 4034 prolemsis
574 3967 643 4020 PH.
681 3967 709 4020 id
729 3967 772 4020 est
790 3966 1005 4034 praeoccupatio
1024 3983 1099 4036 supr.
1118 3983 1184 4022 cers.
1205 3984 1228 4020 m
1244 3969 1254 4037 11
1272 3974 1288 4021 3
1309 3967 1447 4036 panchaia

171 4038 295 4093 trachiae
321 4038 346 4090 V
365 4041 374 4106 1
396 4044 412 4090 4
431 4038 598 4106 prolempsis
622 4039 648 4092 V
663 4040 672 4108 11
695 4054 755 4092 reso
775 4038 806 4090 »V
825 4038 835 4107 11
858 4043 873 4091 5
891 4037 1001 4091 trachia
1025 4038 1051 4091 V
1070 4039 1080 4107 11
1102 4037 1189 4092 diitur
1214 4038 1245 4107 V,
1264 4039 1296 4092 iu
1313 4055 1366 4107 quo
1379 4046 1445 4109 post

171 4112 243 4165 lianc
260 4127 349 4165 uocem
366 4125 443 4162 rosus
462 4110 517 4162 dux
535 4109 664 4164 thracum
683 4112 820 4164 iterantur
846 4111 856 4179 11
884 4115 899 4163 7
918 4128 1004 4169 nuova
1017 4153 1023 4165 .
1036 4153 1041 4164 .
1054 4154 1059 4166 .
1071 4108 1155 4163 Gothi
1174 4127 1224 4164 om.
1250 4109 1368 4165 Vrsinus
1394 4113 1403 4181 11
1431 4117 1447 4165 8

172 4201 253 4236 acris
279 4182 353 4249 Vll9
373 4198 452 4234 suum
471 4198 521 4235 oni.
546 4181 591 4250 Vll
606 4181 710 4235 orithia
735 4181 779 4251 Vl}
798 4181 929 4250 erecphei
951 4180 997 4251 Vll
1010 4181 1177 4235 Praxitheae
1197 4181 1363 4236 Massicius:
1382 4201 1445 4249 pra-

171 4253 283 4307 xiotelis
309 4254 338 4306 V.
376 4253 409 4318 cf.
429 4252 556 4322 Apollod.
576 4257 729 4320 3,15,1,2
749 4255 758 4322 1
777 4257 811 4306 10
830 4253 859 4306 in
878 4251 1016 4306 trachiam
1036 4255 1147 4320 raptam
1172 4252 1217 4322 Vll
1232 4252 1348 4306 Zethum
1371 4253 1447 4309 Vrsi-

171 4343 233 4379 nus.
271 4328 306 4392 ef.
326 4325 399 4378 Seru.
420 4325 456 4378 ad
474 4323 536 4378 Aen
564 4323 686 4388 1112093
708 4325 732 4376 X
751 4326 872 4394 3501111
894 4324 970 4377 actia
994 4324 1019 4375 V
1035 4325 1044 4393 ΙΙ
1065 4330 1096 4376 12
1116 4323 1222 4377 atticen
1247 4324 1271 4377 V
1294 4325 1303 4393 11
1324 4320 1448 4392 Ἀκτικὴν

172 4413 219 4464 opo
240 4399 285 4463 (of.
304 4397 430 4451 Bursian
449 4396 543 4468 Geopr.
562 4412 616 4449 uon
635 4396 785 4450 Grieebeui.
806 4398 817 4448 l
832 4413 861 4464 p.
878 4401 928 4449 251
950 4396 1042 4451 adnot.
1059 4397 1099 4464 2):
1120 4395 1267 4448 acthiacen
1291 4396 1317 4449 V
1351 4395 1446 4450 Actia-

175 4484 225 4520 oen
250 4469 367 4522 Vrsinus
403 4466 493 4521 Acten
512 4467 703 4521 Brouthusius
725 4467 733 4535 11
764 4472 795 4519 13
815 4472 877 4521 aute
896 4485 964 4521 orvs
982 4486 1005 4522 a
1024 4468 1097 4536 quod
1116 4466 1267 4521 Fabricius
1285 4468 1372 4522 edidit
1389 4486 1447 4520 msa

174 4537 205 4591 id
224 4541 268 4593 est
286 4539 413 4608 Orpheus
430 4555 504 4594 uuus
521 4539 582 4592 trab.
602 4538 639 4591 M
649 4539 658 4607 11
672 4539 795 4591 citharae
816 4539 888 4592 PV:
908 4554 1010 4592 uaerae
1028 4538 1056 4591 A
1089 4538 1231 4591 chateriae
1250 4537 1285 4591 H
1314 4539 1447 4606 chytarac

177 4611 213 4663 M
234 4613 243 4678 11
268 4611 417 4680 raetiam]
438 4609 540 4664 etenim
565 4609 590 4660 V
610 4612 620 4677 11
645 4614 676 4663 16
696 4611 725 4662 et
743 4626 793 4663 cru.
813 4611 840 4662 A
863 4611 872 4679 11
896 4608 969 4662 intro
989 4610 1092 4678 Α1120
1111 4607 1335 4676 promuntorium
1358 4611 1448 4664 Pbru:

174 4681 393 4750 promontorium
413 4684 441 4736 A
476 4681 714 4749 promunctorium
737 4679 764 4734 V
796 4680 1017 4749 promuntorium
1037 4681 1070 4735 H
1105 4679 1308 4749 promotorium
1327 4681 1365 4734 M
1382 4683 1392 4749 11
1415 4687 1448 4734 21

175 4754 284 4808 Maleae
309 4753 382 4807 VM:
401 4755 477 4807 mala
497 4752 533 4808 eii
552 4754 579 4806 A
615 4751 717 4807 melaei
735 4753 764 4806 P
797 4753 908 4807 malaeu
926 4753 964 4807 H.
1002 4754 1119 4820 sortasse
1136 4750 1230 4805 Malei.
1269 4752 1302 4818 of.
1325 4753 1402 4807 Ptin.
1421 4770 1448 4807 n.

174 4827 199 4880 b.
219 4825 257 4879 IV
277 4831 291 4890 ς
307 4825 362 4892 1611
377 4824 520 4879 discessus
538 4825 635 4894 Α1122
655 4823 863 4894 promunctorio
888 4824 914 4877 V

1182 4911 1237 4966 23*
