3354 5430
225 378 269 442 44
801 379 921 436 SERVH

225 544 352 609 iuberet
375 544 483 628 pueris
502 545 569 609 suis
589 547 625 609 ut
645 568 722 609 arva
741 545 935 630 inrigarent,
958 545 1043 628 quod
1063 545 1130 608 illis
1149 545 1356 609 cantantibus
1376 544 1500 610 factum

226 655 288 733 est,
312 656 346 717 et
368 675 402 716 re
425 674 503 716 vera
526 652 604 716 dicit
623 651 723 717 ‘rivos
743 651 908 718 claudite'r
933 654 989 716 aut
1008 655 1094 716 certe
1114 650 1306 737 allegoricos
1325 651 1388 717 hoc
1406 651 1502 717 dicit:

226 759 292 824 iam
316 763 444 824 cantare
468 759 620 845 desinite,
643 759 755 826 satiati
779 759 866 825 enim
890 759 1047 824 audiendo
1073 780 1193 824 sumus.

646 1008 843 1075 ECLOGA
875 1008 1083 1087 QVARTA.

315 1155 343 1219 1.
380 1171 559 1219 sicnmnns
582 1171 697 1218 nvsnn
721 1173 750 1218 a.
768 1171 802 1217 n.
824 1170 853 1219 c.
876 1153 1009 1218 Asinius
1033 1152 1153 1237 Pollio,
1176 1153 1291 1219 ductor
1315 1153 1503 1218 Germanici

189 1260 398 1345 texercitus,
431 1282 503 1325 cum
526 1245 603 1345 post
626 1263 756 1345 captam
779 1258 948 1344 Salonam,
978 1258 1162 1324 Dalmatiae
1186 1260 1366 1346 civitatem,
1394 1261 1501 1346 primo

224 1367 395 1432 meruisset
423 1368 582 1450 lauream,
610 1371 686 1450 post
714 1367 813 1431 etiam
842 1367 1046 1432 consulatum
1070 1367 1205 1452 adeptus
1229 1368 1361 1451 fuisset,
1387 1368 1500 1433 eodem

224 1497 309 1540 anno
333 1475 476 1559 suscepit
498 1473 616 1558 filium,
639 1458 736 1559 quem
760 1498 779 1539 a
802 1479 898 1558 capta
921 1475 1053 1539 civitate
1073 1472 1263 1539 Saloninum
1287 1474 1425 1554 vocavit,
1449 1476 1501 1540 cui

222 1603 307 1646 nunc
331 1581 496 1666 Vergilius
520 1581 749 1666 genethliacon
772 1582 858 1647 dicit.
896 1604 989 1666 quem
1014 1585 1143 1647 constat
1166 1584 1279 1646 natum
1302 1582 1414 1647 risisse
1438 1587 1501 1647 sta·

223 1689 295 1752 tim:
319 1687 405 1772 quod
419 1688 610 1771 parentibus
624 1710 722 1753 omen
740 1693 789 1753 est
808 1688 1025 1754 infelicitatis:
1040 1712 1117 1753 nam
1136 1688 1241 1773 ipsum
1261 1712 1398 1774 puerum
1417 1690 1503 1755 inter

173 1812 206 1859 10
224 1797 297 1880 ipsa
320 1794 498 1878 primordia
520 1795 644 1878 perisse
668 1796 877 1860 manifestum
901 1801 958 1860 est
1005 1794 1193 1861 ‘Sicelides'
1216 1800 1325 1861 autem
1350 1818 1503 1882 graecum

224 1907 276 1968 est
297 1939 334 1948 —
355 1923 431 1965 nam
455 1901 557 1966 latine
571 1900 755 1967 Sicilienses
779 1902 858 1966 facit
878 1939 929 1986 -,
947 1902 980 1966 id
1003 1906 1054 1966 est
1068 1901 1284 1967 Theocritiae:
1307 1924 1384 1966 nam
1398 1901 1501 1968 Theo

201 2010 324 2074 critas
349 2007 568 2092 Syracusanus
591 2008 668 2092 fuit,
697 2031 792 2094 quem
821 2009 855 2073 in
877 2009 940 2074 hoc
963 2031 1060 2093 opere
1082 2007 1250 2095 Vergilius
1274 2009 1438 2092 imitatur,
1464 2013 1502 2074 ut

222 2116 361 2180 diximus
387 2138 494 2198 supra.
584 2133 698 2181 anno
722 2134 857 2182 narona
880 2133 1041 2181 cnnnnvs
1065 2117 1146 2180 bene
1166 2114 1303 2200 ‘paulo’z
1325 2138 1401 2180 nam
1425 2117 1502 2182 licet

152 2254 156 2263 ·
222 2224 302 2288 haec
334 2224 449 2308 ecloga
479 2223 624 2287 discedat
654 2247 674 2287 a
704 2223 852 2288 bucolico
876 2222 1032 2306 carmine,
1064 2226 1176 2287 tamen
1198 2223 1315 2288 inserit
1338 2224 1367 2287 ei
1391 2223 1501 2308 aliqua

173 2346 203 2395 rb
223 2335 301 2416 apta
324 2328 429 2413 operi:
452 2350 521 2413 erpo
544 2351 607 2394 non
631 2328 784 2409 ‘maiora’‚
807 2331 861 2396 sed
882 2329 991 2412 ‘paeda
1015 2329 1159 2395 nmiora'.

313 2438 342 2502 2.
379 2453 535 2501 manicae:
566 2437 711 2522 virgulta
733 2441 810 2501 sunt
832 2437 1016 2501 humillima
1038 2441 1067 2501 et
1087 2438 1220 2520 sterilia,
1242 2439 1324 2520 qnod
1344 2439 1433 2521 culpo
1456 2443 1501 2502 ta-

222 2546 387 2610 mariciurn
409 2545 532 2610 dicitur.

310 2653 340 2718 3.
377 2673 409 2717 si
432 2673 574 2717 caumes
596 2672 710 2717 scaras
731 2671 1034 2717 extrematurae.
1057 2653 1092 2716 e'd
1112 2656 1157 2717 est
1177 2653 1339 2717 misceatur
1362 2651 1427 2716 illis
1448 2651 1500 2716 ho

221 2781 291 2844 noa,
312 2765 348 2824 nt
369 2761 479 2843 dipnae
500 2761 565 2825 sint
586 2759 716 2842 camah,
739 2761 774 2824 ui
794 2764 839 2824 est
859 2760 926 2841 felia
949 2760 1083 2825 concedis
1105 2759 1215 2824 Annii
1237 2759 1395 2824 Pollionis.

169 2883 204 2930 ao
311 2860 358 2933 4.Ι
378 2885 511 2932 vaurms
535 2883 668 2930 cunnus
690 2885 722 2930 v.
747 2886 767 2931 1.
791 2885 819 2932 c.
842 2886 874 2932 n.
904 2865 1069 2953 Sibyllini,
1100 2888 1182 2951 quae
1206 2864 1352 2930 Cumana
1382 2865 1445 2930 fuit
1467 2869 1501 2929 et

223 2974 354 3039 saecula
376 2996 434 3057 per
458 2974 591 3037 metalla
613 2973 738 3057 divisit,
763 2975 843 3038 dixit
867 2975 966 3039 etiarn
990 2974 1062 3059 quis
1086 2997 1148 3058 quo
1169 2974 1298 3038 saeculo
1317 2973 1502 3057 imperaret,

223 3085 255 3145 et
280 3078 389 3144 Solem
412 3079 579 3157 ultimum,
603 3080 635 3143 id
659 3083 709 3143 est
731 3080 891 3145 decimum
915 3081 1030 3145 voluit:
1058 3081 1207 3145 novimus
1231 3086 1341 3146 autem
1365 3079 1500 3145 eundem

222 3209 292 3251 esse
316 3186 519 3270 Apollinem,
549 3185 632 3250 imde
663 3187 741 3252 dicit
765 3186 852 3270 <10>
877 3186 968 3251 ‘tuus
997 3187 1061 3251 iam
1091 3191 1208 3272 regnat
1231 3184 1372 3272 Apollo'.
1419 3186 1501 3251 dixit

310 3423 395 3472 aaut
414 3419 488 3472 certe
507 3416 674 3486 allegoricos
695 3433 717 3471 e.
735 3435 761 3484 q.
777 3417 814 3489 a]
841 3417 875 3471 cf.
896 3418 966 3470 Non.
987 3435 1012 3485 p.
1028 3422 1090 3485 453,
1108 3423 1140 3471 10
1167 3419 1177 3487 ΙΙ
1206 3424 1238 3472 13
1258 3417 1355 3488 supra]
1373 3433 1497 3486 prooem.

221 3509 249 3560 p.
263 3497 289 3560 2,
306 3492 361 3560 1411
377 3495 409 3543 16
429 3488 502 3558 quod
513 3531 519 3543 .
531 3532 537 3543 .
549 3532 555 3544 .
566 3487 717 3560 dicitur]cf.
738 3487 803 3542 Isid.
824 3505 863 3545 or.
883 3488 961 3543 XVII
981 3494 1005 3555 7,
1019 3494 1053 3541 49

311 3712 327 3759 2
347 3706 386 3775 et]
407 3706 457 3758 aut
474 3704 502 3758 R
524 3690 589 3759 ‘aut
607 3706 636 3759 et
653 3705 733 3775 culpo
747 3706 786 3773 113
805 3704 944 3759 audiendo
963 3705 1020 3758 iam
1039 3723 1133 3759 sumus
1151 3706 1179 3759 R

311 3854 326 3902 5
346 3849 471 3902 colonam
489 3848 517 3900 B
536 3848 545 3915 ΙΙ
565 3854 579 3901 1
599 3846 736 3901 salonium
754 3848 782 3900 B
805 3846 814 3915 ΙΙ
837 3852 853 3899 8
873 3847 1050 3916 genetliacon
1069 3848 1137 3903 dicit
1158 3848 1195 3902 P:
1215 3846 1353 3917 genitalia
1371 3848 1495 3902 condicit

222 3920 281 3975 AB
318 3919 442 3988 genetlia
460 3918 586 3973 condidit
604 3919 639 3972 H
664 3918 872 3987 (genethliacon
891 3918 979 3973 edidit
997 3922 1024 3983 b)
1061 3919 1284 3989 g'enetiliaticcm
1304 3921 1357 3973 hoc
1377 3923 1421 3973 est
1439 3935 1499 3974 car·

222 4010 286 4045 men
305 3991 464 4045 natiuitatis
484 3990 579 4044 condit
598 3990 625 4044 11
648 3992 658 4058 ΙΙ
680 3997 696 4044 9
715 3991 769 4059 est]
789 3989 844 4043 fuit
862 3991 890 4044 R
912 3992 921 4058 ΙΙ
943 3990 1118 4045 infelicitatis
1139 3991 1245 4044 PItH:
1265 3990 1410 4045 felicitatis
1429 3991 1499 4046 AB.

223 4070 273 4118 aut
291 4065 378 4117 alium
397 4068 532 4116 auctorem
548 4068 631 4132 ¹atque
649 4063 687 4115 ad
705 4079 728 4116 a.
745 4068 779 4115 60
798 4064 878 4116 etad
896 4063 965 4116 Aen.
985 4061 1023 4116 Vl
1043 4068 1094 4116 862
1118 4064 1168 4116 boe
1186 4064 1243 4117 loco
1262 4063 1375 4117 Servius
1393 4069 1501 4118 secutus

198 4140 202 4149 '
223 4141 275 4202 eet,
303 4141 353 4188 ant
372 4135 489 4203 probato
508 4133 568 4188 AB
591 4135 723 4187 librorum
746 4134 897 4188 testimonio
921 4133 1230 4189 nam...manifestum
1249 4136 1293 4187 est
1316 4136 1398 4189 cerba
1415 4136 1500 4190 seclu-

222 4208 314 4262 denda
331 4210 396 4259 aunt
414 4207 423 4274 11
445 4221 510 4257 nam
530 4222 594 4258 eum
611 4204 705 4272 ipsum
724 4204 753 4258 P
768 4207 842 4274 (eum
861 4207 911 4259 del.
927 4209 959 4274 pl
983 4207 992 4274 11
1016 4211 1049 4258 10
1067 4204 1232 4274 primordia]
1252 4205 1281 4258 id
1301 4211 1343 4260 est
1360 4205 1500 4262 nonoadie

223 4281 287 4334 add.
308 4277 418 4330 Daniel.
456 4277 491 4341 cf.
510 4277 590 4330 schol.
610 4275 694 4329 Rern.
714 4277 751 4329 ad
769 4277 895 4344 171111
916 4275 1063 4331 siciliensis
1082 4277 1110 4329 B
1123 4279 1133 4344 ΙΙ
1146 4275 1316 4330 theocriciae
1335 4277 1362 4330 Α
1388 4279 1502 4334 teocriti

224 4351 252 4405 B
286 4348 403 4403 tecente
422 4347 519 4417 111111
539 4363 623 4414 opere
641 4364 691 4400 om.
711 4346 738 4399 A
758 4348 833 4413 (add.
854 4352 881 4414 a)
900 4349 910 4415 ΙΙ
931 4354 962 4400 13
983 4349 1078 4418 paulo]
1096 4347 1126 4401 id
1145 4350 1188 4400 est
1206 4346 1414 4416 aliquantulum
1434 4351 1501 4405 add.

223 4421 251 4474 R
270 4421 354 4490 paulo
374 4419 445 4474 dicit
462 4420 542 4486 culpo
556 4419 565 4486 ΙΙ
581 4422 613 4471 lb
633 4417 723 4488 operi]
743 4419 778 4471 ab
797 4419 849 4472 bae
867 4436 929 4473 uoce
946 4420 1047 4489 incipit
1065 4421 1148 4473 eaden
1166 4419 1366 4475 Lemouicensa
1380 4421 1428 4491 (L)
1443 4423 1451 4490 ΙΙ
1467 4427 1500 4477 lb

144 4545 147 4552 ,
223 4491 392 4558 humillima]
416 4490 535 4544 humilia
552 4489 587 4543 L.
624 4493 653 4543 et
678 4492 730 4542 hoc
753 4488 834 4556 dicit,
859 4494 891 4544 ut
914 4490 1066 4558 significet,
1089 4508 1146 4545 non
1169 4491 1205 4544 ab
1224 4507 1253 4544 re
1273 4509 1333 4545 esse
1354 4492 1377 4544 si
1396 4493 1501 4548 rustico

224 4562 341 4617 carmini
359 4564 476 4616 misceat
494 4562 580 4615 etiam
600 4561 706 4614 maiora
724 4562 788 4614 aad.
807 4561 862 4629 1111
881 4562 967 4632 quod]
988 4562 1042 4615 uad
1062 4562 1167 4616 litterae
1185 4569 1355 4617 evanuerant
1368 4566 1378 4633 ΙΙ
1397 4568 1500 4619 trama-

223 4633 320 4686 ritium
339 4634 513 4703 Danielum
532 4632 683 4685 misceatur
702 4631 869 4686 Masaieins:
888 4632 1021 4687 miscetur
1039 4634 1065 4686 L
1078 4634 1087 4703 11
1101 4632 1171 4704 illis]
1192 4653 1204 4686 s
1223 4636 1337 4689 euanuit
1354 4637 1363 4705 ΙΙ
1383 4643 1415 4690 19
1435 4652 1500 4690 con·

224 4706 302 4759 sulae
322 4706 347 4757 L
360 4705 369 4773 ΙΙ
383 4704 472 4758 asinio
492 4705 526 4768 L,
545 4720 614 4757 corr.
626 4703 786 4757 Masuica'ns.
810 4703 907 4757 Asinio
926 4703 1052 4758 Pollione
1072 4705 1252 4760 Oonncele'nus
1265 4706 1274 4773 ss
1288 4712 1323 4759 20
1342 4713 1502 4777 expectatur

223 4777 264 4830 uel
290 4776 408 4844 sibyllae
433 4777 474 4831 ael
499 4774 624 4842 sibyllini
649 4772 725 4841 quod
751 4773 891 4828 Cumanae
916 4776 969 4829 fuit
994 4793 1065 4844 quae
1085 4775 1197 4830 saecula
1216 4794 1236 4830 e.
1251 4795 1276 4845 q.
1290 4793 1311 4831 a.
1339 4779 1348 4847 ΙΙ
1376 4784 1408 4833 21
1430 4779 1502 4834 dixit

224 4847 404 4904 etiam...et
421 4845 518 4904 iterari
536 4844 631 4900 omnia
650 4860 721 4915 quae
739 4844 855 4901 fueram
872 4862 922 4900 ona
942 4846 969 4900 L
982 4848 992 4917 u
1005 4853 1038 4900 22
1059 4847 1132 4902 Solis
1152 4847 1305 4907 Maeciee'ue
1507 4848 1510 4854 ‘
