3354 5430
260 348 325 412 140
416 415 419 420 ,
834 349 952 405 saliva

259 512 368 599 ‘patae
391 515 524 598 νύμφα,
548 524 640 597 χαῖρε
662 516 748 596 τίμιε
771 509 897 598 puplici
920 512 1044 578 aoiioi'
1068 509 1142 577 ἀντὶ
1164 521 1224 578 τοῦ
1249 512 1405 599 “νυμφίε’.
1437 515 1482 579 sic
1505 518 1535 578 et

258 621 419 686 Pindarus
442 620 478 685 ἐν
500 632 570 697 τοῖς
592 629 737 685 παιᾶσιν.

347 728 397 793 32.
427 746 554 793 ranam
579 745 677 794 smvs
701 746 746 792 nn
770 744 944 793 nansiavs
963 745 1080 793 Annas
1103 727 1136 791 id
1155 732 1205 792 est
1224 727 1370 793 aestivis:
1393 728 1440 792 oet
1456 729 1534 810 qaia

258 841 354 918 optat,
377 840 414 900 nt
434 836 489 900 ‹iin
512 837 608 900 uiuat:
638 836 684 899 acl
706 837 781 917 qnia
803 837 887 918 airao
910 840 939 899 et
961 834 1041 899 ichra
1065 835 1299 919 dvoaudpopa,
1323 836 1358 900 id
1378 840 1423 900 est
1445 837 1534 900 tarde

223 966 239 1012 5
258 943 391 1007 orientia
413 943 565 1007 dicacatur.
605 947 633 1006 et
655 941 785 1007 ‘tardis'
809 943 949 1024 anania
971 963 1064 1006 aureo
1087 943 1206 1007 saaado
1229 942 1377 1025 lauciores
1398 943 1463 1008 dies
1484 943 1533 1007 di·

257 1055 369 1115 arntnr
388 1049 508 1130 nense?
545 1070 588 1113 an
605 1054 677 1131 post
698 1050 809 1114 crinitos
832 1050 993 1131 tardosque
1014 1069 1129 1114 mermes
1151 1054 1186 1113 at
1207 1050 1280 1114 dats
1300 1049 1380 1131 fiat?
1410 1070 1455 1115 an
1476 1050 1534 1129 ita,

257 1162 294 1221 nt
316 1158 498 1241 incipient
519 1159 644 1241 neapni
660 1159 857 1239 procede-rc-
879 1148 1042 1238 aienses,
1052 1176 1112 1237 per
1132 1155 1213 1220 haenc
1235 1154 1379 1238 ‘mapni'.

347 1265 399 1330 33.
435 1283 504 1343 ove
528 1280 639 1329 nocvs
664 1280 842 1328 nmaonnu
865 1281 974 1327 mnan
996 1278 1203 1341 c1mnnsova
1226 1280 1252 1329 a.
1276 1261 1434 1348 Aegyptii
1455 1261 1533 1327 duo

259 1371 361 1436 decim
385 1393 455 1436 esse
479 1371 632 1436 adserunt
656 1370 762 1455 signa,
795 1368 950 1434 Chaldaei
976 1390 1049 1433 vero
1074 1369 1234 1434 undecim:
1267 1392 1342 1433 nam
1366 1368 1533 1454 scorpium

207 1501 239 1549 lo
259 1482 292 1543 et
325 1479 443 1542 libram
476 1500 574 1542 annm
614 1477 742 1563 signum
782 1476 958 1561 accipiunt,
995 1475 1105 1540 chelae
1142 1476 1226 1541 enim
1261 1476 1381 1561 scorpii
1412 1476 1532 1542 libram

258 1586 390 1651 faciunt.
436 1585 533 1649 iidem
564 1583 719 1650 Chaldaei
750 1585 869 1649 nolunt
899 1584 1048 1667 aequales
1079 1604 1149 1647 esse
1179 1588 1289 1668 partes
1319 1584 1353 1647 in
1381 1584 1534 1649 omnibus

259 1692 375 1777 signis,
409 1692 464 1756 sed
492 1714 551 1777 pro
581 1693 739 1776 qualitate
768 1692 817 1756 sni
846 1691 933 1755 aliud
961 1691 1091 1777 signnm
1121 1710 1183 1775 xx,
1215 1689 1304 1754 aliud
1331 1709 1376 1755 xa
1403 1691 1535 1777 habere,

259 1822 330 1865 cum
357 1799 511 1884 Aegyptii
538 1799 678 1864 tricenas
706 1821 776 1863 esse
804 1804 913 1884 partes
940 1799 976 1862 in
1003 1798 1153 1863 omnibns
1178 1798 1288 1862 velint.
1333 1797 1429 1863 modo
1454 1820 1534 1885 ergo

259 1905 434 1971 secundum
458 1904 639 1971 Chaldaeos
667 1907 794 1971 locutus
823 1910 886 1989 cst,
920 1907 1029 1971 dicens
1056 1927 1151 1989 posse
1179 1927 1252 1969 eum
1280 1905 1401 1971 habere
1424 1907 1533 1972 locum

207 2036 239 2083 15
259 2014 345 2077 inter
368 2013 530 2097 scorpium
554 2016 588 2076 et
612 2013 784 2099 virginem,
807 2036 881 2077 nam
905 2013 1047 2097 Erigone
1071 2013 1142 2096 ipsa
1161 2016 1212 2078 est
1230 2013 1332 2098 virgo.
1366 2013 1534 2081 sciendum

258 2121 372 2185 deinde
396 2124 446 2184 est
470 2120 610 2185 voluisse
633 2121 773 2185 maiores
797 2121 830 2183 in
853 2120 905 2185 his
929 2120 1035 2205 signis
1060 2142 1130 2185 esse
1148 2119 1283 2185 deorum
1301 2120 1474 2186 domicilia
1501 2125 1536 2186 et

259 2227 345 2293 Solis
369 2233 417 2291 est
442 2228 506 2311 leo,
529 2226 639 2292 Lunae
663 2251 739 2293 vero
763 2250 891 2312 cancer,
915 2231 1097 2292 ceterorum
1120 2250 1197 2293 vero
1221 2228 1363 2312 quinque
1385 2228 1533 2312 planeta-

258 2357 329 2399 rum
354 2335 432 2399 bina
454 2340 530 2399 sunt
553 2335 661 2421 signa,
684 2343 783 2420 prout
806 2358 839 2400 se
864 2336 949 2399 ratio
968 2335 1111 2399 siderum
1130 2335 1284 2420 sequitur.
1311 2357 1389 2400 nam
1408 2335 1534 2419 primas

259 2442 399 2507 circulus
433 2465 452 2506 a
486 2448 574 2507 terra
606 2442 714 2508 Lunae
748 2447 811 2527 est,
848 2442 1005 2507 secrmdus
1038 2442 1203 2526 Mercurii,
1239 2443 1358 2506 tertius
1387 2442 1535 2527 Veneris,

205 2558 396 2634 roquerius
420 2548 519 2632 Solis,
550 2550 681 2636 quintus
705 2550 837 2633 Martis,
867 2553 976 2614 sextus
1000 2550 1102 2633 lovis,
1132 2547 1264 2614 Saturni
1287 2550 1433 2616 ultimus.
1476 2550 1534 2615 sed

258 2657 393 2721 remotis
424 2655 500 2722 Sole
531 2662 564 2721 et
593 2657 697 2741 Lana,
730 2680 867 2742 quorum
898 2663 974 2722 sunt
1004 2658 1168 2722 domicilia
1197 2658 1249 2722 leo
1277 2662 1311 2722 et
1338 2680 1466 2740 cancer,
1497 2658 1534 2722 hi

258 2763 400 2850 quinque
420 2765 545 2849 ordine,
564 2788 628 2850 quo
647 2788 758 2831 eorum
777 2770 852 2829 sunl
872 2766 996 2849 circuli,
1018 2765 1096 2829 bina
1114 2765 1283 2847 possident
1301 2765 1410 2849 signa,
1433 2787 1534 2829 unam

259 2894 279 2935 a
306 2872 515 2956 sequentibus
544 2878 577 2937 et
606 2896 703 2937 arrium
731 2896 749 2938 a
778 2872 1013 2957 superioribus:
1048 2876 1085 2935 ut
1107 2870 1258 2935 Mercurii
1288 2871 1355 2935 sint
1378 2871 1470 2958 virgo
1499 2877 1534 2936 et

258 2978 393 3062 gemini,
417 2978 553 3043 Veneria
576 2980 660 3043 libra
684 2986 715 3043 et
739 2984 866 3061 taurus,
890 2978 1006 3043 Martis
1029 2980 1175 3064 scorpius
1199 2983 1232 3043 et
1255 2980 1349 3063 aries,
1371 2977 1459 3043 Iovis
1483 3000 1533 3043 sa·

207 3106 241 3153 25
261 3084 415 3169 gittarins
439 3091 470 3149 et
494 3086 612 3171 pisces,
636 3086 767 3150 Saturni
791 3086 998 3171 capricornus
1021 3090 1056 3150 et
1079 3086 1241 3170 aquarius.
1274 3086 1358 3151 unde
1376 3107 1434 3170 per
1451 3084 1533 3150 haec

258 3190 330 3255 loca
353 3191 494 3255 siderum
518 3192 703 3277 Augustum
728 3199 760 3258 et
782 3193 900 3258 fortem
924 3198 1058 3277 propter
1080 3195 1258 3279 scorpium,
1284 3193 1391 3258 idest
1413 3191 1531 3257 Martis

259 3297 472 3382 domicilium,
495 3304 526 3363 et
549 3300 672 3364 iustum
690 3306 824 3386 propter
844 3301 961 3365 libram
981 3306 1012 3365 et
1031 3302 1222 3385 prudentem
1240 3303 1377 3385 propter
1396 3298 1533 3365 vicinam

259 3405 433 3491 virginem,
455 3406 489 3469 id
511 3411 561 3472 est
585 3407 737 3473 Mercurii
760 3408 972 3492 domicilium,
994 3407 1064 3472 fore
1087 3409 1261 3495 significat.
1300 3408 1347 3472 cal
1368 3412 1446 3472 aare
1466 3408 1533 3471 idco

258 3551 298 3559 -ι-

259 3690 278 3743 b
342 3624 378 3743 ἃ
392 3617 541 3744 Ιῖὲιιᾶαωε]
568 3619 603 3673 cs.
625 3620 719 3690 Bergk
742 3624 816 3690 poet.
841 3620 890 3689 lyr.
915 3636 956 3688 gr.
980 3618 1023 3673 ed.
1052 3619 1098 3674 IV.
1132 3621 1144 3673 l
1172 3638 1199 3689 p.
1223 3624 1275 3673 316
1301 3621 1313 3688 Ι
1338 3624 1354 3672 'l
1382 3615 1532 3688 incipiant]

278 3706 321 3744 uc.
416 3728 431 3744 .

352 3895 362 3941 l
385 3904 464 3941 xarrn
482 3902 575 3955 stupa
594 3907 672 3941 sarra
689 3906 748 3941 nan
767 3903 871 3941 ranam:
890 3904 964 3941 noua
983 3888 1008 3941 L
1031 3890 1042 3955 l
1070 3895 1085 3941 '2
1105 3905 1140 3942 en
1158 3906 1218 3941 rinc
1236 3903 1348 3941 numam
1365 3886 1391 3940 L
1428 3881 1460 3939 iv
1477 3892 1538 3948 τοῖς

260 3960 385 4022 inaniore
399 3961 499 4014 Daniel
512 3964 553 4027 ll
572 3956 760 4027 dceardpopa
780 3959 898 4013 Daniel:
918 3960 987 4028 dyas
1001 3958 1162 4027 anphoraL
1176 3962 1217 4027 16
1235 3974 1272 4011 an
1288 3957 1331 4012 ita
1348 3960 1381 4012 ut
1398 3955 1536 4028 incipient

258 4034 370 4101 scripsi:
403 4048 438 4083 an
462 4032 485 4085 it
508 4034 558 4085 aut
576 4030 712 4099 incipient
730 4031 756 4085 L
794 4031 877 4084 auid
897 4033 947 4084 alli
963 4031 1099 4099 incipient
1118 4030 1230 4084 Daniel.
1266 4031 1302 4095 ct'.
1321 4030 1446 4085 Leidm.
1465 4046 1536 4084 cone

260 4112 372 4157 rncrrtar.
390 4122 419 4171 p.
435 4108 484 4156 97⁸
503 4108 531 4157 et
549 4102 695 4171 eleganter
714 4102 826 4156 ‘tardis'
847 4104 900 4167 ait,
923 4102 1004 4170 quasi
1022 4103 1147 4155 futurum
1165 4103 1215 4169 ait,
1238 4104 1283 4165 ut,
1306 4119 1371 4155 cum
1388 4104 1464 4171 (cum
1481 4117 1534 4155 an.

260 4177 330 4229 cult
349 4173 453 4227 Caesar
471 4174 571 4228 alaerit
589 4175 619 4227 in
638 4174 761 4237 caelum,
787 4173 909 4228 hominis
929 4174 988 4227 rita
1006 4173 1152 4240 tendatur,
1175 4180 1207 4227 ut
1225 4172 1254 4226 in
1272 4172 1408 4227 bucolicis
1427 4172 1475 4226 ‘et
1492 4172 1535 4226 in-

260 4246 362 4315 cipient
384 4246 479 4313 magni
499 4246 647 4314 precedere
666 4246 797 4299 mensas’.
812 4247 820 4313 l
842 4253 858 4300 8
878 4265 1012 4299 enormen
1031 4245 1114 4315 APl
1130 4251 1163 4299 1⁰
1180 4249 1322 4314 scorpium
1346 4244 1392 4311 ΓΙ
1407 4249 1438 4296 11
1459 4242 1536 4298 idem

261 4320 285 4369 ,Ι
298 4319 317 4369 l.
332 4318 389 4369 l'll
424 4317 492 4370 item
514 4318 597 4385 11111
615 4324 646 4371 11
666 4317 713 4388 xx]
732 4317 834 4385 uiginti
853 4317 911 4371 AL
926 4318 935 4383 ’1
949 4318 994 4387 xi]
1014 4316 1201 4385 qnadraginta
1220 4316 1267 4384 Li
1285 4322 1317 4369 16
1335 4318 1391 4385 est]
1410 4318 1454 4369 eat
1472 4334 1490 4367 x
1506 4314 1537 4369 P

260 4402 302 4442 est
323 4388 467 4443 decc1nli
494 4408 510 4440 x
530 4390 563 4442 Η
573 4394 582 4455 Ι
597 4389 697 4459 signis}
717 4409 756 4442 xrr
775 4390 838 4443 eald.
862 4388 908 4455 ΓΙ
922 4388 964 4458 et]
983 4392 1015 4442 nt
1041 4389 1084 4458 Γῇ]
1100 4396 1132 4442 19
1151 4387 1286 4456 merqarii
1304 4386 1328 4439 L
1344 4390 1353 4455 jl
1367 4393 1402 4440 '22
1420 4387 1533 4441 ordines

268 4461 359 4527 l'3123
380 4460 423 4530 ut]
442 4478 503 4514 cum
524 4460 547 4511 L
567 4463 620 4527 12³5
640 4459 724 4529 pisc'm¹
748 4460 794 4528 l'el
809 4466 843 4513 21
863 4460 983 4513 vicinam
1004 4460 1141 4529 virginem
1160 4460 1189 4512 id
1208 4462 1248 4512 est
1266 4476 1319 4512 aar.
1342 4459 1398 4527 Vl
1421 4462 1455 4511 28
1474 4457 1535 4511 fora

260 4531 414 4603 significat]
434 4550 483 4585 orn
504 4532 545 4597 A,
567 4550 627 4585 esse
655 4532 684 4587 l'.
708 4534 738 4585 in
760 4548 813 4600 aaut
837 4532 906 4585 libro
924 4533 988 4585 lancee
1007 4533 1105 4585 recidito
1123 4538 1188 4585 sunt
1207 4533 1278 4585 bene
1296 4533 1392 4584 antem
1411 4532 1532 4610 augusto

260 4603 336 4656 inter
354 4605 491 4673 uirginem
510 4614 537 4656 et
557 4602 709 4672 scorpium,
732 4601 762 4655 id
785 4606 827 4656 est
846 4603 920 4656 inter
938 4602 1077 4657 iustitium
1095 4606 1123 4657 et
1142 4603 1289 4667 uirtutem,
1315 4603 1409 4656 locum
1426 4601 1535 4655 tnbuil.

261 4690 326 4726 nam
354 4675 447 4729 cheles
475 4672 629 4743 scorpionis
656 4674 765 4740 rebelae
789 4675 891 4744 scorpii
911 4676 999 4744 culpo*
1026 4674 1141 4729 brachia
1166 4684 1246 4739 sunt,
1270 4674 1319 4741 qui
1343 4678 1425 4741 (quae
1445 4673 1534 4741 11190)

261 4748 407 4814 sexaginta
430 4754 525 4816 partes
550 4746 578 4798 in
601 4746 679 4799 caelo
704 4747 789 4799 habet
813 4750 888 4813 (sunt
908 4746 997 4815 calco)
1020 4746 1111 4799 solnm
1129 4746 1188 4799 fore
1208 4744 1347 4811 anaidem
1366 4746 1401 4813 (le
1450 4744 1536 4807 aolus,

261 4818 318 4871 daie
336 4815 395 4871 livre
414 4836 445 4883 a,
465 4824 495 4871 nt
508 4834 652 4887 perperam
672 4819 791 4873 iterata.
809 4836 877 4888 quac
895 4819 1040 4873 aliclerunt
1059 4818 1215 4886 Stephanus
1229 4816 1379 4871 Fabricius
1444 4816 1501 4870 nial
