3344 5430
274 349 338 414 208
850 349 968 406 suavo

274 519 307 578 et
330 514 465 580 rarescit
488 536 615 598 sereno,
639 518 676 577 ut
700 513 808 597 <419>
838 514 976 579 densat
1005 518 1116 580 erant
1145 537 1240 598 quae
1264 537 1351 579 rara
1375 515 1491 580 modo
1520 519 1560 578 et

274 645 369 706 quae
394 621 510 686 densa
533 622 693 686 relaxat.

363 729 436 793 396.
474 745 541 792 Nnc
565 746 712 793 FRATRIS
736 746 854 795 nanus
879 746 909 795 0.
925 747 951 794 S.
965 746 996 794 12.
1021 727 1162 794 ‘obtusa'
1189 730 1341 794 subaudis
1366 752 1385 794 a
1409 729 1559 812 superio-

274 835 376 919 ribus3
399 857 475 901 nam
499 833 561 899 hoc
586 834 678 898 dicit:
702 858 760 900 nec
785 837 861 900 luna
880 836 1009 900 videtur
1028 837 1159 919 obtusa,
1183 859 1264 920 quae
1284 841 1334 901 est
1352 836 1451 900 radiis
1473 837 1558 901 solis

239 959 254 1006 o
275 943 428 1006 obnoxia:
456 964 546 1024 nam,
570 945 605 1004 ut
630 941 740 1006 dicunt
762 943 902 1027 physici,
927 944 968 1007 ab
992 964 1030 1006 eo
1055 943 1175 1026 accipit
1196 942 1315 1007 lumen.

363 1050 436 1114 397.
464 1067 595 1113 runvrs
618 1049 906 1133 proceleumaticus
931 1055 981 1114 est
1003 1073 1063 1136 pro
1089 1050 1233 1133 dactylo:
1259 1072 1357 1134 quarn
1379 1072 1448 1114 rem
1473 1073 1556 1134 quo·

274 1159 496 1239 tienscumque
520 1154 784 1242 facitVergilius,
808 1163 917 1223 servat
940 1159 1047 1223 locum
1072 1157 1223 1241 synizesi,
1245 1156 1447 1238 ut‘tenuia',
1471 1158 1554 1224 item

275 1285 398 1349 genua
422 1264 566 1328 labant.
612 1264 706 1328 616166
729 1269 831 1329 boues
849 1286 909 1347 pro
932 1264 1090 1329 velleribus
1111 1264 1313 1346 occa‘picudoa.

363 1371 437 1435 399.
470 1388 644 1435 ornacula
668 1388 812 1434 THETml
835 1387 1014 1436 aucaouns
1039 1368 1140 1454 Ceyx,
1158 1370 1246 1434 filius
1261 1369 1413 1456 Luciferi,
1432 1371 1555 1436 habuit

225 1496 256 1543 ιο
275 1500 408 1543 uxorem
433 1478 611 1560 Alcyonen.
662 1500 681 1541 a
714 1499 777 1561 qua
810 1499 883 1542 cum
915 1477 1099 1560 prohibitus
1131 1477 1211 1541 isset
1244 1476 1284 1540 ad
1317 1479 1553 1544 consulendum

274 1586 461 1670 Apollinem
492 1585 530 1648 de
554 1588 640 1648 statu
665 1584 756 1668 regni
780 1585 843 1664 sui,
872 1584 1045 1670 naufragio
1068 1584 1171 1667 periit.
1219 1585 1310 1648 cuius
1334 1607 1452 1670 corpus
1476 1609 1551 1651 cum

276 1695 315 1758 ad
340 1715 472 1757 uxorem
496 1692 638 1756 delatum
662 1690 791 1775 fuisset,
814 1692 872 1756 illa
895 1714 930 1756 se
953 1691 1180 1777 praecipitavit
1202 1691 1236 1754 in
1255 1692 1401 1777 pelagus.
1431 1697 1551 1776 postea

276 1800 482 1865 miseratione
506 1798 651 1862 Thetidis
680 1803 712 1862 et
735 1797 876 1863 Luciferi
904 1799 1052 1864 conversi
1075 1802 1151 1862 sunt
1176 1799 1272 1864 ambo
1295 1800 1328 1862 in
1353 1821 1428 1864 aves
1453 1801 1550 1864 mari·

275 1931 346 1989 nas,
381 1930 461 1992 quae
494 1907 644 1989 alcyones
676 1910 841 1970 vocantur.
889 1928 966 1971 sane
995 1905 1160 1970 sciendum
1188 1910 1251 1988 est,
1285 1907 1373 1990 quia,
1405 1929 1478 1972 cum
1512 1907 1552 1972 de

224 2031 256 2079 15
276 2016 410 2079 muliere
429 2013 578 2091 dicimus,
593 2011 688 2076 ‘haec
711 2012 869 2097 Alcyone'
885 2013 976 2096 facit3
1000 2035 1073 2077 cum
1097 2014 1135 2077 de
1160 2015 1287 2096 avibus,
1312 2012 1392 2078 ‘hic'
1409 2019 1442 2078 et
1456 2013 1550 2080 ‘haec

274 2120 398 2205 alcyon'
422 2124 455 2185 et
478 2119 535 2184 ‘hi'
559 2124 593 2184 ct
616 2117 688 2184 ‘hae
712 2119 884 2203 alcyones'.
917 2121 1000 2185 istac
1024 2123 1133 2184 autem
1157 2143 1231 2185 aves
1254 2120 1347 2185 nidos
1370 2120 1495 2187 faciunt
1515 2122 1551 2186 in

274 2228 355 2292 mari
393 2227 497 2291 media
524 2227 643 2291 hieme:
678 2227 794 2311 quibus
823 2227 935 2292 diebus
963 2231 1056 2292 tanta
1084 2231 1134 2292 est
1161 2227 1395 2312 tranquillitas,
1427 2231 1465 2293 ut
1495 2251 1551 2314 pe-

272 2337 360 2400 nitus
390 2335 471 2399 nihil
501 2335 533 2398 in
564 2334 645 2398 mari
673 2335 779 2418 possit
807 2336 940 2400 moveri.
987 2334 1061 2399 inde
1085 2336 1182 2398 etiam
1207 2335 1274 2399 dies
1298 2335 1362 2417 ipsi
1386 2335 1551 2419 Alcyonia

272 2443 489 2509 nominantur.
579 2459 652 2506 nou
676 2459 744 2508 one
769 2459 924 2509 sonvros
949 2443 1073 2507 scilicet
1097 2440 1302 2526 ‘maniplos'.
1339 2440 1394 2506 alii
1419 2440 1549 2506 ‘soluto

220 2568 254 2616 20
275 2551 342 2615 ore'
367 2550 541 2635 accipiunt,
564 2548 596 2611 id
621 2551 670 2611 est
693 2549 829 2613 nimium
853 2550 987 2633 patenti.

361 2658 435 2721 400.
479 2672 632 2720 milvum
670 2660 776 2720 autem
815 2656 884 2720 luto
923 2656 1112 2742 gaudentes:
1153 2656 1312 2721 Horatius
1349 2660 1388 2720 61
1424 2655 1551 2720 amica

273 2767 452 2828 lutosus.

362 2873 436 2936 401.
473 2887 580 2935 nucis
604 2888 668 2934 rua
690 2889 827 2936 curcur
850 2871 884 2935 id
907 2875 956 2935 est
980 2871 1206 2955 deprimuntur
1229 2871 1269 2935 ad
1293 2871 1405 2935 valles.

360 2979 435 3044 403.
472 2995 677 3055 unovmvan
702 2994 808 3044 susos
833 2996 993 3043 uxsacnr
1017 2996 1158 3044 acerva
1182 2995 1210 3044 c.
1235 2977 1267 3041 id
1291 2982 1340 3042 est
1363 2999 1437 3041 non.
1474 2975 1549 3041 ‘no-

220 3103 253 3151 25
273 3085 363 3151 ctua'
394 3091 502 3150 autern
528 3085 596 3148 avis
621 3089 672 3149 est
695 3085 854 3172 lucifuga,
883 3109 964 3170 quae
988 3085 1151 3172 significat
1174 3085 1319 3169 pluviam
1343 3084 1371 3148 si
1395 3083 1549 3149 cecinerit

271 3197 348 3278 post
379 3193 456 3257 solis
488 3214 645 3258 occasum.
698 3191 736 3257 de
767 3193 828 3258 hac
859 3198 968 3258 autem
998 3193 1074 3257 talis
1105 3196 1155 3256 est
1183 3191 1304 3255 fabula.
1350 3177 1548 3274 Nyctimone

272 3304 447 3385 postquam
471 3322 542 3364 cum
565 3303 660 3385 patre
684 3301 856 3364 concubuit
880 3304 913 3364 et
937 3300 1071 3385 agnovit
1094 3299 1219 3363 facinus
1239 3319 1324 3382 esse,
1347 3298 1382 3362 in
1402 3296 1492 3362 silvis
1513 3321 1547 3363 se

273 3406 397 3471 abdidit
427 3410 460 3471 61
490 3408 595 3473 lucem
626 3406 761 3494 refugit,
798 3406 855 3471 ubi
885 3408 1019 3473 deorum
1048 3407 1217 3471 voluntate
1247 3426 1403 3470 conversa
1432 3408 1483 3469 est
1513 3405 1547 3469 in

273 3535 379 3597 avem,
406 3535 487 3597 quae
510 3536 569 3599 pro
593 3517 686 3578 tanto
709 3513 853 3578 facinore
878 3513 1029 3578 omnibus
1053 3513 1166 3578 avibus
1190 3515 1240 3577 est
1263 3511 1480 3577 admirationi.

360 3725 498 3796 8genua]
518 3726 549 3777 Α.
569 3724 595 3776 V
613 3730 665 3778 431
693 3727 702 3795 fl
729 3725 1094 3796 aceyx...nominantur]
1122 3739 1207 3777 exscr.
1226 3722 1296 3777 Luct
1323 3721 1398 3776 Plac.
1417 3722 1455 3777 ad
1474 3721 1545 3776 Stat.

272 3795 358 3850 Theb.
378 3794 416 3848 IX
435 3801 498 3861 3613
518 3795 658 3864 mythogr.
678 3795 738 3862 193
758 3795 784 3848 ΙΙ
804 3803 854 3851 115
876 3799 886 3864 ΙΙ
909 3801 943 3849 21
962 3795 1109 3866 Horatius]
1128 3795 1209 3864 epist.
1229 3795 1241 3847 l
1260 3799 1285 3861 1,
1300 3800 1334 3848 26
1355 3796 1364 3864 l
1388 3800 1422 3849 28
1450 3792 1545 3863 Nycti-

272 3866 608 3939 mene...admirationi]
631 3884 717 3922 exscr.
735 3868 875 3938 mythogr.
896 3867 908 3920 Ι
928 3872 969 3922 98.
1008 3868 1041 3921 61,
1062 3868 1139 3921 Luct.
1158 3864 1233 3920 Plac.
1252 3865 1289 3919 ad
1308 3865 1379 3920 Stat
1400 3865 1487 3920 Theb.
1506 3863 1547 3919 ΙΙΙ

271 3944 322 3993 501
344 3940 372 3992 61
390 3938 529 4007 mythogr.
549 3937 628 3992 1139

361 4106 378 4153 4
395 4100 457 4171 nec]
478 4100 585 4152 tantum
607 4099 670 4153 odd.
694 4098 726 4165 V,
745 4101 839 4153 tamen
858 4100 973 4154 additur
989 4099 1070 4167 culpo
1089 4099 1099 4167 l
1121 4104 1135 4152 'l
1155 4097 1279 4167 syneresi
1301 4096 1346 4166 Vll
1366 4101 1399 4149 10
1418 4096 1546 4150 alcionen

271 4172 298 4224 A
330 4170 455 4225 altioncn
473 4171 508 4225 H
537 4170 645 4225 ulcione
663 4170 728 4223 BV
754 4169 881 4225 alcbione
900 4171 948 4240 Pl
962 4170 1041 4241 isset]
1063 4171 1137 4225 esset
1155 4171 1184 4224 et
1202 4169 1270 4224 isset
1294 4169 1320 4222 V
1350 4170 1425 4222 esset
1442 4166 1478 4222 H
1487 4167 1497 4236 1
1513 4171 1545 4220 12

272 4241 399 4312 uxorem]
422 4241 508 4296 alcior
531 4243 594 4296 add.
614 4242 654 4304 A,
683 4242 771 4296 altico
790 4242 825 4296 H
858 4241 1004 4296 Alcionem
1027 4259 1046 4296 a
1068 4247 1093 4296 61
1111 4241 1301 4312 mythopropba'
1327 4241 1337 4308 l
1365 4245 1399 4293 14
1422 4239 1545 4293 alciones

272 4314 369 4368 BPV
403 4313 522 4367 ultiones
542 4313 608 4366 ΑΗ
627 4312 637 4380 ΙΙ
665 4317 697 4366 15
718 4313 833 4381 alcyone
851 4313 891 4367 A:
911 4313 1020 4367 alcione
1039 4313 1107 4367 BH
1140 4313 1268 4367 alchione
1289 4311 1317 4364 P
1351 4310 1474 4364 alciones
1499 4309 1546 4382 Vll

272 4383 318 4438 hic
341 4385 462 4438 ethaeo
484 4385 599 4451 alcyone
623 4385 652 4437 61
674 4384 704 4437 hi
727 4389 757 4438 61
778 4383 814 4438 he
838 4385 967 4453 alcyones
987 4385 1015 4439 A
1050 4383 1097 4438 hie
1121 4385 1237 4438 ethaeo
1256 4380 1402 4436 alchiones
1421 4381 1497 4436 ethi
1517 4385 1547 4435 61

271 4457 323 4510 hae
347 4454 470 4509 alciones
490 4455 517 4507 P
548 4454 594 4508 hic
617 4457 646 4508 61
668 4455 739 4510 haec
758 4454 876 4510 ultiones
896 4458 925 4510 61
943 4454 973 4508 hi
993 4458 1022 4509 61
1040 4457 1095 4510 hac
1114 4454 1233 4510 altiones
1252 4454 1287 4509 H
1319 4452 1366 4517 hic
1386 4452 1546 4506 61116661-

271 4527 364 4581 616666
383 4527 411 4579 Β
446 4526 493 4580 hic
512 4526 628 4580 ethaeo
647 4525 771 4580 alciones
795 4527 821 4580 V
844 4528 854 4596 ΙΙ
882 4533 914 4580 11
935 4526 1032 4580 diebus
1051 4544 1101 4582 om.
1121 4526 1179 4595 All
1209 4530 1242 4579 18
1260 4524 1390 4594 alcyonia
1407 4524 1471 4578 AV
1486 4541 1545 4594 my·

270 4601 356 4668 11696.
375 4598 399 4651 I:
428 4594 570 4652 alcbionia
591 4598 618 4650 P
653 4596 774 4652 alcionia
792 4597 826 4650 H
859 4598 981 4667 alcyonii
1001 4599 1060 4652 Bo.
1097 4599 1131 4663 cf.
1153 4598 1229 4651 Ptin.
1248 4614 1275 4651 a.
1295 4598 1320 4650 b.
1340 4594 1364 4648 X
1384 4601 1399 4660 ξ
1419 4601 1454 4650 90
1477 4595 1487 4665 [1
1509 4601 1544 4650 28

271 4670 459 4738 reprimuntur
483 4670 532 4740 Vl
553 4674 588 4722 24
606 4687 769 4730 nuovaevau
792 4668 818 4721 V
838 4670 847 4739 ΙΙ
870 4675 903 4722 26
922 4670 1083 4738 nyctimone
1101 4670 1140 4722 B:
1159 4668 1311 4723 nictimonc
1330 4666 1429 4721 APH
1456 4667 1546 4737 nicty-

271 4757 352 4794 mone
377 4741 402 4793 V
414 4742 423 4808 ll
437 4746 470 4795 2⁵1
490 4756 548 4795 6666
567 4757 617 4795 om.
637 4741 665 4795 A
678 4741 687 4810 ΙΙ
701 4757 731 4794 66
749 4740 778 4793 in
798 4738 874 4795 silvis
892 4739 1002 4794 abdidit
1020 4740 1048 4794 A
1067 4745 1091 4795 et
1109 4741 1249 4811 mytbopr„
1269 4756 1297 4794 66
1316 4755 1365 4793 om.
1380 4739 1428 4808 Pu
1441 4742 1476 4792 28
1495 4754 1544 4793 uo·

271 4809 408 4864 luntatem
429 4812 454 4864 A
473 4811 532 4880 (per
551 4810 666 4864 deorum
684 4810 861 4866 uoluntatem
880 4813 931 4882 6)1Ι
945 4817 979 4866 29
998 4810 1202 4866 abominationi
1220 4812 1289 4866 6661.
1309 4809 1465 4865 Doroilliroe
