3354 5430
215 346 266 402 XII
746 347 958 407 PRAEFATIO.

214 532 302 592 quem
329 513 401 576 item
428 514 510 577 domi
538 513 646 590 iniec,
678 515 829 595 enemipto
856 535 954 578 mein
976 514 1089 596 Anpeli
1117 514 1281 598 Potitiani,
1312 519 1341 578 ct
1366 517 1489 596 qnidem

214 619 324 683 diserte
349 619 405 683 snb
432 621 555 685 nomine
577 621 668 684 Innii
690 620 901 704 Piitorpprii
928 621 1017 685 ittam
1039 621 1260 688 dubitationem
1276 624 1403 705 penitus
1424 644 1490 688 sns-

216 725 359 809 tnlernnt,
382 747 473 808 eoque
494 729 603 811 mopis,
627 730 708 809 qnod
718 713 808 793 'idem
822 729 999 793 Politianus
1020 728 1103 794 inno
1120 731 1222 811 ipsam
1241 731 1417 812 scriptorem
1435 732 1490 794 snb

213 831 269 897 too
292 834 379 898 tituto
401 856 463 899 reon
486 835 584 899 solnm
607 837 768 917 exscripsit
789 840 817 900 et
838 837 978 918 opnooit,
1001 837 1054 901 sed
1074 837 1110 900 in
1131 838 1198 902 seris
1219 839 1312 901 etium
1335 838 1490 902 Miscella-

214 941 280 1005 neis
302 943 480 1005 nominauit.
517 941 582 1022 Qno
605 947 708 1007 annm
731 949 861 1025 tempore
883 945 1010 1021 uicerit,
1033 945 1088 1007 etsi
1110 944 1237 1024 difficile
1261 946 1303 1008 sit
1319 945 1491 1027 offirmare,

215 1067 252 1110 en
275 1047 347 1111 irini
370 1052 471 1112 tonren
493 1050 690 1130 inscriptione
711 1051 822 1114 coniici
839 1055 945 1132 potest,
968 1051 1110 1131 flornisse
1132 1050 1323 1132 Imperatore
1352 1052 1486 1116 Valenti-

214 1155 318 1234 niano,
341 1155 371 1219 si
393 1157 480 1219 niodo
496 1155 733 1221 Valentinianus
747 1158 908 1239 Anpnstns
930 1178 962 1221 eo
985 1157 1072 1221 titnlo
1091 1159 1277 1240 desipnotnr.
1307 1158 1397 1222 Itind
1413 1163 1489 1224 certo

214 1266 343 1339 constat,
366 1283 435 1325 enm
457 1282 520 1326 non
544 1263 629 1344 tonpe
651 1284 673 1326 c
695 1262 796 1327 Seruii
818 1267 915 1327 aetate
932 1263 1074 1343 abnuisse,
1098 1268 1127 1327 ct
1141 1264 1269 1346 Verpiiii
1286 1264 1487 1347 citiroprcplto

213 1389 305 1432 nerim
336 1390 410 1452 esse,
433 1374 469 1433 nt
490 1389 527 1433 ecc
549 1371 615 1434 einis
637 1371 854 1434 commentario
877 1375 1018 1452 apparet,
1042 1371 1077 1434 in
1099 1392 1157 1452 qno
1180 1372 1279 1435 mnito
1301 1372 1340 1435 nl>
1364 1393 1397 1436 eo
1414 1394 1487 1453 pro·

108 1488 110 1499 ⁴
211 1475 355 1555 fernntnr
387 1497 423 1540 ec
454 1476 495 1541 iis
526 1478 737 1560 scriptoritm,
773 1478 827 1558 qni
859 1477 1042 1558 temporitns
1073 1498 1137 1542 non
1167 1479 1231 1543 nisi
1263 1481 1489 1561 ontiqnissimis

213 1584 367 1647 extabant.

303 1743 396 1808 Hanc
424 1742 534 1807 Vrsini
570 1745 804 1828 expositionem
838 1745 884 1808 ite
914 1744 1060 1828 plerique
1092 1744 1300 1828 interpretati
1330 1750 1421 1830 sunt,
1454 1750 1491 1810 ut

214 1873 286 1914 eum
310 1850 492 1933 professum
518 1873 587 1915 esse
612 1851 767 1935 dicerent,
790 1852 952 1916 invenisse
977 1873 1010 1915 se
1034 1853 1067 1914 in
1090 1851 1275 1937 fragmento
1296 1851 1399 1916 Servii
1421 1853 1489 1917 lon-

215 1957 398 2044 gobardicis
422 1958 541 2022 litteris
571 1963 702 2023 exarato
732 1957 766 2044 (i.
785 1981 811 2023 e.
834 1959 868 2021 in
892 1957 1052 2022 Vaticano
1077 1958 1177 2044 3317)
1203 1960 1310 2023 aliena
1334 1983 1354 2023 a
1377 1958 1489 2024 Servio

215 2065 314 2128 etin
338 2065 519 2129 bucolica
543 2065 640 2129 etin
665 2066 850 2151 georgica
873 2065 1011 2147 scholia,
1037 2065 1153 2148 quibus
1178 2069 1288 2130 tamen
1307 2066 1398 2130 nullo
1418 2067 1490 2131 loco

215 2172 357 2236 auctoris
381 2194 500 2260 nomen
524 2172 669 2236 additum
694 2173 841 2237 vidisset:
877 2176 947 2236 tum
972 2172 1123 2236 incidisse
1148 2195 1181 2236 se
1205 2173 1239 2236 in
1261 2172 1490 2259 Vergilianum

213 2279 347 2362 librum,
380 2280 470 2344 cuius
499 2280 701 2364 marginibus
730 2279 841 2343 eadem
869 2278 935 2342 fere
964 2279 1005 2342 ab
1036 2279 1162 2363 Angelo
1191 2278 1354 2343 Politiano
1374 2283 1491 2344 essent

216 2386 388 2470 adscripta,
412 2391 509 2470 atque
534 2388 581 2451 ita
606 2387 748 2471 quidem,
773 2390 808 2450 ut
827 2385 921 2450 Iunio
940 2384 1163 2469 Philargyrio,
1188 2387 1243 2470 qni
1257 2385 1490 2451 Valentiniano

214 2493 341 2558 cuidam
365 2516 424 2558 sua
447 2494 603 2579 misisset,
627 2494 860 2558 tribuerentur:
885 2493 926 2557 ab
950 2493 1062 2556 codem
1085 2491 1247 2557 Politiano
1272 2492 1306 2556 in
1329 2493 1489 2558 miscella-

215 2623 350 2665 neorum
378 2602 462 2665 libro
491 2623 529 2664 ex
557 2600 623 2665 illis
656 2601 787 2666 scholiis
817 2600 976 2684 quaedam
1006 2599 1115 2664 addito
1140 2599 1337 2684 Philargyrii
1360 2600 1490 2665 nomine

215 2707 363 2792 proferri.
410 2708 523 2793 negari
551 2731 617 2772 non
640 2710 763 2792 potest,
791 2706 868 2790 quid
893 2705 1033 2771 veluerit
1056 2704 1195 2769 Vrsinus
1219 2706 1294 2770 illes
1319 2707 1489 2772 adsecutos

214 2837 293 2880 esse.
331 2818 365 2878 at
388 2837 426 2879 ea
450 2815 586 2900 scholia,
609 2838 689 2899 quae
715 2815 755 2879 ad
778 2815 925 2879 bucolica
947 2814 1114 2898 pertinent
1136 2816 1266 2896 praeter
1285 2836 1385 2877 unum
1405 2810 1490 2899 (buc.

215 2921 262 2985 IX
281 2921 347 3007 35),
371 2922 455 3006 qnod
480 2929 537 2986 aut
560 2923 661 3006 ipsius
686 2922 840 2986 Politiani
864 2926 921 2986 aut
944 2926 1030 2986 certe
1053 2921 1130 2986 Itali
1153 2921 1321 2986 cuiusdam
1345 2920 1490 2984 eiusdem
1550 2910 1552 2916 ’

215 3029 282 3094 fere
312 3029 430 3093 aetatis
460 3051 529 3093 esse
558 3052 624 3094 non
648 3033 697 3093 est
721 3030 805 3112 quod
831 3029 979 3111 pluribus
1004 3028 1186 3113 ostendam,
1214 3028 1323 3093 omnia
1347 3050 1386 3091 ex
1410 3027 1490 3092 Lan-

215 3134 364 3199 rentiana
378 3135 463 3199 lunii
477 3135 643 3220 Filargirii
666 3135 894 3221 explanatione
918 3135 1022 3217 petita
1041 3140 1130 3219 sunt,
1154 3139 1186 3198 et
1207 3158 1288 3219 quae
1308 3135 1489 3200 Politianus

216 3243 250 3305 in
273 3241 490 3306 miscellaneis
514 3243 661 3308 laudavit
684 3244 723 3307 ad
748 3243 893 3308 bucolica
917 3246 1077 3325 spectant:
1114 3264 1191 3305 nam
1215 3264 1284 3325 cap.
1303 3260 1427 3306 xxxvn
1452 3241 1490 3305 de

216 3349 287 3413 buc.
315 3348 331 3412 I
360 3349 402 3414 65
431 3349 614 3434 disputans,
645 3350 853 3435 Philargyrio
884 3371 949 3413 non
977 3349 1144 3413 nominate
1173 3347 1329 3413 Varronis
1359 3348 1491 3413 Atacini

214 3478 326 3520 versus
354 3457 505 3540 protulit3
539 3481 607 3541 cap.
631 3476 780 3541 Lxxxlx,
813 3480 875 3541 quo
904 3457 977 3521 loco
1006 3457 1044 3519 de
1072 3456 1142 3520 buc.
1166 3455 1214 3519 IV
1238 3456 1280 3519 60
1296 3477 1342 3538 sq.
1371 3456 1489 3540 agitur,

214 3563 293 3627 haec
317 3563 448 3648 scripsit
474 3567 555 3646 qnod
575 3566 691 3630 Innins
713 3586 828 3647 qnoque
851 3563 1072 3646 Philorpprins
1094 3560 1189 3645 docet,
1217 3562 1296 3626 tnnc
1318 3563 1421 3643 ipsnm
1444 3563 1489 3624 ito

214 3672 417 3754 interpretans
441 3672 556 3736 tocnm:
580 3671 724 3754 ‘pneris’,
747 3672 860 3753 inqnit,
885 3669 1048 3734 ‘nobilibus
1070 3670 1172 3752 editis,
1195 3671 1230 3733 in
1252 3670 1333 3733 atrio
1356 3669 1490 3732 Innonis

215 3779 353 3843 Irncinne
380 3778 472 3843 lectito
492 3781 624 3861 ponitur
646 3779 794 3843 Hermriis
822 3775 988 3842 mensuro.⁹
1034 3778 1145 3861 itaque
1170 3777 1229 3860 sic,
1256 3775 1290 3839 ni
1312 3774 1423 3857 fallor,
1451 3775 1489 3839 de

215 3885 276 3951 hae
299 3908 333 3949 re
358 3886 565 3949 statuendum
589 3889 652 3950 est:
676 3884 874 3949 Politianum
894 3885 976 3948 libro
997 3906 1055 3948 suo
1071 3882 1261 3966 Vergiliano
1281 3882 1315 3945 in
1334 3881 1490 3946 bucolicis

216 3994 373 4076 quaedam
398 4014 436 4056 ex
459 3993 692 4075 Laurentiano,
716 4014 732 4054 e
757 3992 915 4056 Vaticano
939 3991 973 4055 in
996 3991 1157 4076 georgicis
1182 3989 1407 4072 adscripsisse3
1434 3989 1490 4053 bu-

216 4101 390 4165 colicorum
415 4079 524 4163 autem
548 4098 680 4164 scholiis
710 4099 793 4162 hanc
816 4098 1062 4180 inscriptionem
1085 4096 1306 4181 praemisisse,
1341 4119 1404 4180 qna
1427 4095 1490 4159 Vr-

217 4208 306 4271 sinus
336 4228 462 4292 qucqne
491 4229 561 4270 curn
591 4208 732 4290 primunr
761 4229 798 4270 ea
823 4206 930 4270 ederet
953 4227 1032 4268 usus
1055 4210 1118 4286 est,
1141 4202 1274 4268 ‘lvnlvs
1298 4221 1490 4268 PfflLARGY-

216 4331 295 4380 nlvs
324 4333 361 4379 ln
389 4331 559 4394 Bvconrcn
588 4331 732 4378 vrnemn
763 4332 810 4376 ΑΙ)
840 4308 1162 4378 ηΑηηηηιηΙΑΝηΜί
1195 4332 1233 4374 ea
1261 4332 1295 4373 re
1319 4311 1489 4395 deceptum

216 4442 285 4484 esse
308 4419 465 4484 Vrsinum
490 4425 522 4484 et
546 4421 725 4504 inductum,
749 4425 784 4483 ut
799 4419 957 4483 Vaticana
981 4440 1108 4503 quoque
1133 4417 1258 4482 scholia
1281 4417 1488 4503 Philargyrio

216 4528 409 4609 tribuerets)

307 4745 332 4799 ll
356 4758 418 4794 eum
446 4741 537 4809 ipsum
557 4739 651 4794 Vrsini
679 4739 822 4807 exemplar
845 4741 911 4792 tunc
933 4737 1004 4791 mihi
1027 4755 1082 4791 non
1105 4741 1180 4791 esset
1203 4738 1240 4791 ad
1263 4753 1390 4801 manum,
1419 4735 1486 4789 olim

218 4815 299 4883 (mus.
319 4811 406 4866 Rhen.
426 4811 477 4867 XV
496 4831 522 4884 p.
540 4816 602 4880 136)
623 4812 695 4866 hunc
715 4827 836 4866 errorem
855 4809 910 4881 ipsi
928 4808 1067 4865 Politiano
1088 4809 1159 4864 falso
1178 4809 1272 4864 tribui.
