3354 5430
500 336 612 391 COMM.
632 336 671 390 IN
691 336 798 392 VERG.
818 334 949 393 GEORG.
968 338 1007 392 IV
1025 344 1139 395 47-73.
1389 340 1454 405 325

179 499 317 584 ‘aalarc’,
339 506 376 566 nt
396 502 483 584 apnd
503 499 648 566 Ennirrn
673 502 709 567 in
725 502 831 584 prino
863 504 1078 570 transnavit
1108 507 1183 569 cita
1208 526 1278 587 per
1310 510 1456 571 teneras

177 610 358 692 calipinis
380 630 503 674 aaras.
531 610 706 691 proprietas
730 614 832 676 tanen
854 613 934 676 noeis
956 614 1059 694 aptior
1081 616 1124 677 est
1145 611 1339 691 natantibus,
1361 634 1455 694 qnarn

177 716 358 782 solantibus.

268 825 319 890 61.
356 840 643 888 conrnnsnsuoss
671 847 731 908 pro
763 824 930 890 ‘intuerc':
963 849 1038 892 nam
1069 829 1198 912 tempus
1221 828 1366 891 futurum
1394 850 1453 912 pra

177 931 342 1016 praesenti
365 930 474 1014 posuit
497 930 538 994 ab
562 930 754 1015 imperativo
779 932 882 997 modo.
987 951 1099 1012 navas
1122 951 1256 999 nvncns
1279 952 1322 997 nr
1346 952 1453 999 611611-
1472 949 1488 997 5

179 1057 249 1103 nan
272 1056 411 1104 sennan
434 1057 464 1102 Τ.
487 1057 518 1103 P.
540 1042 675 1123 propter
696 1039 759 1104 hoc
782 1040 829 1103 ait
851 1061 950 1122 supra
973 1041 1059 1123 <19>
1083 1045 1120 1105 61
1144 1040 1273 1106 tenuis
1296 1040 1453 1126 fugiens

177 1168 244 1230 per
272 1145 449 1231 gramina
477 1145 583 1209 rivus
611 1146 817 1229 palmaque
840 1146 1080 1212 vestibulum
1103 1171 1130 1212 a.
1154 1147 1172 1211 i.
1198 1170 1225 1212 0.
1249 1148 1452 1215 inumbret.

268 1254 320 1318 63.
357 1270 464 1317 namn
492 1270 737 1318 uanissimam
764 1252 870 1318 Varro
899 1252 984 1318 hauc
1011 1254 1145 1318 herbam
1170 1255 1351 1338 apiastrum
1375 1255 1453 1319 dicit

177 1360 211 1425 in
234 1360 340 1444 primo
364 1359 449 1424 libro
474 1360 581 1444 operis
605 1361 727 1426 rustici.
763 1367 792 1426 et
814 1362 922 1426 aliter:
945 1361 1139 1444 melisphylla
1161 1361 1254 1427 berta
1276 1367 1328 1444 est,
1351 1382 1454 1446 paam,

177 1472 212 1532 nt
240 1468 287 1532 ait
319 1466 431 1545 Varra,
467 1467 527 1531 alii
561 1468 748 1552 apiastrum,
784 1469 843 1532 alii
872 1469 1032 1532 nallinarn
1060 1469 1226 1550 appellant.
1272 1468 1452 1534 ‘ccrirrttae'
1473 1483 1507 1534 10

177 1579 280 1639 antem
306 1594 327 1637 a
350 1572 495 1640 Cerintho
516 1574 590 1638 arba
613 1574 773 1652 Boeotiae,
800 1576 834 1639 in
857 1595 920 1656 qna
937 1575 1080 1657 plurima
1101 1576 1248 1640 nasaitnr.
1295 1573 1452 1658 ‘partile'

174 1687 277 1746 antem
299 1701 362 1746 nan
385 1681 525 1746 cannas
546 1686 661 1746 natan.
760 1698 959 1747 cunmrnnu
983 1699 1151 1748 mucuns
1177 1699 1209 1747 a.
1232 1682 1310 1766 vile,
1332 1681 1452 1765 ubique

176 1810 321 1854 nascens.

266 1896 317 1960 64.
354 1911 483 1959 MATRIS
508 1910 671 1959 causans
701 1916 782 1980 quae
806 1895 840 1958 in
864 1895 932 1960 eius
956 1897 1059 1962 tutela
1083 1899 1160 1960 sunt
1182 1894 1270 1980 ideo,
1302 1897 1388 1979 quod
1411 1897 1451 1960 si·

177 2002 267 2067 milia
290 2006 365 2069 sunt
387 2001 587 2085 hemicycliis
611 2001 706 2084 caeli,
735 2003 851 2088 quibus
874 2003 1017 2088 cingitur
1039 2007 1140 2087 terra,
1168 2025 1250 2086 quae
1275 2007 1325 2067 est
1348 2007 1504 2068 materni

175 2110 317 2175 deorum.

265 2218 317 2282 66.
353 2233 450 2281 nona
474 2233 540 2282 svo
560 2216 702 2281 naturali
721 2217 864 2299 ratione,
888 2217 977 2281 cuius
997 2239 1095 2282 causa
1113 2240 1179 2283 non
1198 2217 1353 2282 redditur.
1378 2218 1450 2301 quis

175 2325 260 2389 enim
287 2323 379 2388 novit
408 2345 465 2387 cur
493 2321 575 2387 aeris
604 2345 685 2388 sono
714 2323 850 2387 redeant
878 2322 911 2387 in
941 2324 1104 2389 alvearia?
1151 2324 1227 2389 licet
1254 2325 1323 2407 ipse
1352 2325 1449 2407 paulo

175 2436 251 2515 post
274 2431 360 2495 dicat
383 2430 492 2513 <151>
520 2430 836 2514 crepitantiaque
866 2452 955 2496 aera
983 2435 1141 2496 secutae
1166 2430 1328 2496 Dictaeo
1353 2431 1451 2496 caeli

174 2560 302 2625 regem
325 2559 466 2622 pavere
490 2538 559 2601 sub
583 2542 704 2603 antro.
749 2539 803 2602 sert
823 2537 877 2603 lac
897 2541 1047 2621 pactiaurn
1070 2543 1120 2604 cst.
1469 2554 1503 2602 rs

263 2646 314 2710 67.
351 2666 406 2710 sla
430 2666 542 2708 aaran
567 2666 610 2708 Aa
637 2666 772 2710 enarra
795 2666 955 2710 narraras
984 2646 1103 2729 lanpiar
1129 2646 1217 2711 salita
1239 2645 1449 2728 parenthesis:

174 2758 217 2819 est
238 2754 321 2818 enirn
343 2753 417 2817 ardo
440 2750 501 2816 ‘sin
524 2756 626 2816 aaran
648 2753 692 2815 acl
706 2772 850 2834 papnarn
871 2752 1016 2837 anierirn,
1038 2757 1138 2818 natas
1160 2753 1338 2817 aninaranr
1361 2757 1450 2835 atqne

173 2859 246 2925 laea
267 2860 437 2924 certamina
460 2863 549 2922 tanta
565 2859 704 2941 patueris
726 2860 829 2942 aapni
851 2860 934 2924 iacta
956 2879 1128 2942 conpressa
1149 2859 1324 2943 pariesaent'.

263 2967 314 3032 68.
352 2982 505 3031 mansslr
524 2965 660 3051 ingruit,
679 2965 814 3030 invasit:
839 2966 917 3030 alibi
942 2966 1086 3031 incessi
1106 2989 1247 3050 muros,
1270 2967 1379 3052 ignes
1404 2966 1450 3031 ad

174 3078 281 3140 tecta
307 3073 448 3138 volare.
496 3077 528 3136 et
551 3072 700 3138 ‘incessit
727 3072 875 3158 regibus'
899 3074 1075 3158 figuratum
1104 3079 1167 3158 est3
1198 3096 1275 3138 nam
1300 3072 1448 3139 ‘insessit
1467 3088 1501 3137 25

157 3181 279 3268 reges’
303 3180 450 3245 dicimus.

263 3290 314 3354 69.
349 3304 588 3353 naeniarum
616 3304 731 3352 nanno
760 3304 789 3352 c.
818 3288 986 3353 alacritate
1015 3287 1195 3373 pugnandi,
1227 3309 1293 3352 non
1320 3288 1449 3352 timore:

175 3397 253 3461 alibi
278 3395 455 3480 <111105>
480 3395 777 3478 exultantiaque
800 3394 933 3459 haurit
956 3394 1072 3460 corda
1094 3416 1213 3478 pavor
1236 3392 1404 3479 pulsans.

265 3504 315 3568 70.
351 3519 537 3569 nonnnrns
561 3501 653 3566 tarde
677 3502 872 3566 incedentes.

263 3612 314 3675 72.
350 3626 509 3675 unsaros
535 3609 685 3674 conlisos.
1467 3624 1502 3673 30

264 3719 316 3783 73.
354 3735 529 3781 naumann
554 3733 692 3781 eosvun
716 3716 875 3780 festinant
898 3716 985 3780 inter
1005 3738 1038 3780 se
1062 3716 1096 3778 in
1115 3713 1308 3780 alvearibus.
1366 3734 1449 3780 rnn-

266 3883 279 3930 1
300 3877 373 3945 apud
394 3874 512 3927 Ennium
532 3873 561 3926 in
579 3873 682 3944 primo]
702 3893 727 3928 v.
743 3879 775 3927 21
791 3892 818 3942 p.
835 3872 1001 3941 7116111119
1020 3873 1048 3927 in
1066 3873 1157 3941 primo
1175 3871 1248 3926 libro
1267 3874 1344 3944 61.]
1362 3874 1448 3928 immo

173 3948 203 4090 {p
219 3948 367 4074 {qqtiolgd
384 3953 417 4000 10
431 3947 441 4013 ll
455 3951 489 3999 14
508 3943 591 4015 alibi]
610 3948 642 3999 A.
662 3945 712 3998 XIl
733 3946 807 4013 59611
826 3951 859 3999 31
880 3945 1017 4014 Trepidae
1036 3947 1137 4000 coeunt
1154 3943 1300 4016 festinant]
1320 3946 1355 3999 cf.
1375 3946 1447 3999 Non.

193 4064 198 4074 '
276 4062 284 4087 t

264 4169 276 4214 l
299 4166 329 4217 ut
347 4162 453 4215 Ennius
476 4161 593 4214 Vrsinns
613 4163 622 4229 ll
642 4166 659 4213 4
677 4158 799 4230 intuere]
819 4159 985 4228 imperatine
1004 4160 1066 4213 add.
1087 4158 1114 4212 V
1129 4161 1139 4227 ΙΙ
1160 4162 1175 4209 b
1195 4157 1277 4210 moda
1297 4173 1348 4211 arn.
1366 4157 1394 4212 A
1407 4159 1447 4227 l?

171 4235 322 4304 palmaque
334 4278 339 4289 .
351 4277 358 4288 .
370 4278 376 4289 ,
388 4232 529 4286 inumbret
546 4249 595 4287 an.
614 4231 659 4300 Vl
673 4248 698 4284 6.
717 4248 767 4285 arn.
778 4233 839 4285 PH
852 4233 861 4298 ΙΙ
875 4230 987 4285 inubret
1001 4233 1027 4283 A
1052 4230 1200 4283 obumbret
1217 4228 1280 4281 PH
1302 4229 1448 4284 c.ambret

173 4306 290 4361 Carula.
304 4311 361 4360 186
380 4311 405 4359 et
423 4305 460 4357 M
470 4305 478 4370 ΙΙ
493 4309 510 4358 8
528 4320 686 4357 numerumn
705 4304 731 4354 A
755 4322 832 4356 usura
851 4319 929 4356 sinan
951 4303 978 4353 P
1001 4320 1095 4354 amma
1114 4320 1217 4353 1111111
1236 4300 1271 4353 ΙΙ
1280 4300 1289 4367 ΙΙ
1305 4306 1337 4353 10
1357 4300 1447 4353 melli-

173 4397 236 4432 nam
256 4394 315 4446 apa:
344 4375 475 4430 malinam
503 4375 532 4429 V.
572 4377 608 4441 af.
628 4375 716 4428 Keilii
740 4376 777 4427 ad
801 4374 935 4428 Varronis
959 4374 976 4428 l.
996 4375 1014 4426 l.
1037 4375 1160 4427 adnatat.
1188 4373 1198 4440 ΙΙ
1227 4378 1258 4424 11
1278 4371 1390 4425 boetiae
1414 4371 1445 4426 V.

170 4451 287 4516 fortasse
305 4465 361 4502 nan
380 4448 482 4501 erravit
500 4447 646 4515 interpres,
665 4446 711 4499 saal
729 4447 852 4514 scripsit,
871 4446 1052 4513 quartanam
1071 4449 1121 4511 est,
1140 4442 1270 4497 Euboeae
1284 4446 1293 4509 ΙΙ
1309 4449 1341 4495 11
1357 4461 1446 4495 cuam·

174 4538 243 4574 rnna
262 4538 312 4575 am.
338 4520 363 4572 V
374 4520 383 4587 ΙΙ
400 4524 431 4572 18
451 4518 533 4572 licet.
547 4561 552 4571 .
564 4561 569 4573 .
582 4517 658 4570 dicat
676 4533 725 4571 arn.
745 4516 773 4569 A
786 4520 796 4585 ΙΙ
809 4517 868 4586 ipsc
887 4534 937 4570 arn.
961 4516 1054 4584 171119
1074 4515 1296 4583 crepitantiaque
1315 4515 1343 4569 P
1359 4514 1445 4582 crepi-

173 4593 264 4646 tantia
282 4609 353 4659 quae
373 4591 415 4644 H:
435 4605 507 4656 quae
525 4588 553 4642 A
572 4589 707 4656 corybant
725 4588 823 4655 cisque
844 4588 960 4642 Caralis.
976 4593 1032 4641 166
1055 4587 1210 4641 conibentia
1227 4586 1254 4638 B
1278 4584 1445 4639 coribantia·

172 4681 225 4731 que
251 4664 320 4716 VM.
357 4663 393 4728 at.
412 4661 481 4716 Aen.
500 4659 539 4712 ΙΙΙ
560 4664 609 4712 111
631 4662 640 4728 ll
661 4661 757 4712 secuta
775 4663 819 4712 est
836 4659 864 4713 A
891 4662 988 4712 secuta
1006 4659 1041 4713 H
1055 4660 1065 4728 ΙΙ
1083 4660 1182 4712 661666
1202 4658 1238 4709 M
1248 4657 1257 4725 l
1271 4662 1305 4709 20
1324 4657 1372 4709 scd
1391 4656 1444 4710 hcc

178 4749 392 4802 ...compressa
410 4731 555 4800 quiescent
573 4732 659 4785 aaran
677 4730 765 4785 Fabr.
779 4731 788 4799 l
806 4735 839 4783 21
860 4731 1014 4799 parentasia
1039 4731 1064 4783 V
1075 4730 1085 4798 ll
1099 4736 1132 4784 28
1152 4727 1376 4796 exsultantiaque
1394 4726 1422 4780 A
1436 4725 1446 4799 ll

174 4812 207 4861 29
227 4810 399 4861 acuminat
418 4802 572 4859 incedentis
591 4802 625 4856 M
638 4803 648 4870 ΙΙ
661 4802 741 4856 tarda
760 4802 794 4855 H
804 4803 813 4872 ΙΙ
827 4809 858 4856 31
879 4820 1019 4864 rinursavu
1039 4802 1106 4855 PM
