3354 5430
245 419 309 482 100
820 418 940 473 SERVII

332 584 384 647 44.
420 602 488 646 rvr
514 599 652 646 rumuos
677 601 745 646 rvr
769 600 935 647 uuonoeu
966 586 1092 646 montes
1122 587 1198 646 sunt
1225 582 1381 647 Thraciae
1409 604 1515 666 asper·

242 689 330 772 rimi,
355 690 487 754 Tmaros
508 696 543 752 iu
566 690 678 770 Epiro,
701 690 844 771 Rhodope
866 692 900 753 iu
926 689 1069 752 Thracio.
1107 693 1139 753 et
1162 690 1264 773 perite
1288 689 1453 774 vituperat
1476 690 1518 754 ab

243 796 381 880 origine,
404 797 483 860 item
508 819 527 859 a
551 797 666 879 gestis,
690 799 726 858 ut
746 795 873 860 ‘saevus
889 798 989 859 Amor
1008 794 1148 859 docuit':
1171 818 1246 860 nam
1266 796 1305 859 de
1324 795 1413 860 exitu
1433 795 1519 860 circa

139 905 143 910 ’
242 902 336 966 deum
361 904 557 987 vituperatio
581 925 647 966 non
670 903 764 966 eadit.
854 921 1010 966 nxuuuuss
1034 919 1269 967 unusnnnrus
1292 902 1405 988 populi
1429 901 1519 965 Afri·
1627 924 1630 934 ·

207 1029 306 1076 scae.
353 1008 519 1073 ‘extremi’
544 1014 653 1073 autem
677 1011 780 1092 saevi,
809 1010 902 1093 quasi
926 1033 945 1073 a
968 1009 1131 1074 consortio
1156 1009 1367 1073 humanitatis
1390 1008 1519 1089 remoti,

242 1123 277 1180 ut
301 1117 539 1201 extremique
563 1115 756 1181 hominum
779 1115 921 1181 Morini
944 1116 1177 1200 Rhenusque
1200 1115 1384 1181 bicornis

329 1224 382 1288 45.
404 1241 471 1288 unc
494 1240 640 1288 annulus
665 1240 791 1288 uosrm
815 1240 954 1286 Pvnsvu
976 1239 1045 1286 unc
1069 1238 1094 1285 s
1110 1241 1141 1286 a.
1163 1222 1198 1286 id
1222 1225 1271 1286 est
1295 1221 1376 1284 nihil
1399 1221 1519 1286 haben-

241 1334 307 1394 tem
332 1332 366 1394 in
390 1353 422 1395 se
445 1331 674 1394 humanitatis:
697 1353 773 1393 nam
797 1352 861 1394 non
885 1329 964 1393 dicit
985 1351 1051 1393 uon
1074 1329 1254 1393 mortalem.
1336 1350 1445 1392 norum
1459 1350 1518 1411 pa-

241 1440 340 1520 riunt,
362 1443 398 1502 ul
419 1441 454 1502 ia
476 1440 602 1519 septimo
625 1438 734 1519 <660>
757 1437 821 1501 sub
845 1437 1000 1501 lerninis
1023 1436 1140 1500 edidit
1161 1456 1255 1500 oras.

190 1564 221 1609 10
329 1547 381 1609 47.
420 1563 550 1610 sanvvs
579 1562 676 1609 Ailou
703 1561 832 1609 Docvm
861 1545 954 1629 quasi
982 1566 1101 1607 novam
1134 1546 1239 1608 artem
1271 1544 1450 1609 insinuavit
1483 1548 1518 1607 et

241 1651 370 1716 infudit.
416 1657 448 1716 et
480 1653 561 1716 bene
594 1652 738 1716 fabulam
772 1651 921 1715 omnibus
954 1654 1068 1714 notam
1101 1672 1158 1733 per
1188 1651 1363 1715 transitum
1392 1650 1519 1735 tetigit:

241 1759 313 1841 quis
337 1761 423 1822 enim
445 1761 577 1844 ignorat
600 1757 760 1841 Medeam,
790 1758 829 1821 ab
852 1758 968 1822 Iasone
997 1761 1229 1841 contemptam,
1258 1779 1333 1822 suos
1361 1757 1448 1822 filios
1472 1759 1519 1821 in-

241 1865 433 1929 teremisse?
493 1867 597 1929 utitur
630 1869 738 1929 autem
772 1866 897 1948 optima
929 1863 1163 1929 moderatione:
1179 1936 1183 1945 ι
1200 1886 1276 1928 nam
1313 1886 1372 1928 nee
1409 1868 1517 1929 totum

241 1971 355 2034 Amori
378 1971 535 2054 imputat,
559 1993 600 2035 ne
623 1971 772 2035 defendat
796 1971 1003 2055 parricidam,
1026 1993 1085 2035 nec
1103 1974 1210 2034 totum
1229 1970 1340 2054 matri,
1363 1991 1403 2034 ne
1418 1970 1518 2035 Amo-

191 2097 221 2143 15
241 2099 309 2141 rem
338 2077 460 2141 eximat
487 2079 597 2160 eulpa,
634 2079 689 2142 sed
714 2082 746 2142 et
769 2078 862 2141 illam
887 2100 968 2161 quae
992 2077 1114 2162 paruit,
1148 2081 1180 2142 et
1203 2078 1296 2142 illum
1322 2077 1377 2162 qui
1402 2079 1518 2163 coegit,

240 2184 376 2248 incusat.
422 2185 481 2248 olii
510 2185 563 2249 lioc
594 2186 656 2249 loeo
686 2207 755 2248 earu
778 2185 893 2248 Amore
922 2189 1053 2248 rrmlrem
1082 2185 1224 2248 Venerem
1251 2185 1374 2266 occipori
1395 2185 1517 2250 uolunt:

240 2312 308 2355 eom
327 2293 409 2355 eroice
427 2292 584 2369 mordiens,
607 2293 683 2373 quio
699 2293 877 2373 peririidot·
901 2290 991 2353 illum
1009 2295 1111 2354 aceio
1130 2291 1306 2373 inprobum,
1328 2294 1404 2373 quia
1420 2311 1519 2374 scurra

240 2400 363 2463 ruodrud
392 2405 509 2475 domui,
541 2401 587 2462 ita
614 2404 649 2461 cd
673 2396 743 2484 (od)
766 2398 944 2479 parricidio
967 2418 1083 2478 quoque
1104 2400 1155 2462 sui
1177 2399 1321 2462 uiolentia
1337 2399 1446 2481 plures
1468 2400 1516 2464 in·

235 2507 359 2587 pulerit.

188 2631 221 2678 ao
330 2614 380 2677 50.
417 2629 592 2677 ruruossvs
621 2630 702 2675 [nnn
731 2630 822 2676 evan
851 2629 879 2676 c.
903 2629 934 2674 r.
958 2629 989 2688 o.
1012 2630 1048 2674 n.
1076 2634 1141 2676 non
1169 2616 1219 2676 est
1247 2612 1409 2696 superflua
1437 2612 1518 2678 haee

241 2720 412 2784 verborum
435 2720 579 2783 iteratio:
603 2741 679 2782 nam
703 2718 914 2802 syllogismus
939 2702 992 2781 est
1011 2719 1139 2800 plenuS,
1163 2718 1218 2801 qui
1238 2723 1367 2783 constat
1387 2741 1425 2782 ex
1443 2742 1517 2804 pro·

238 2827 414 2909 positione,
437 2826 673 2909 assumptione,
696 2825 909 2890 conclusione.
1023 2824 1123 2908 (raon,
1148 2847 1313 2890 laerones
1335 2846 1411 2889 moa
1432 2848 1517 2891 pren

241 2956 410 2997 erronum:
440 2955 482 2997 rr
505 2955 642 3015 irrorare,
669 2928 794 3017 Marna)
825 2933 915 2995 lucilii
937 2935 982 2996 sie
1004 2934 1210 3014 disiiupanul,
1238 2934 1313 3014 quio
1336 2938 1365 2997 et
1387 2936 1517 2999 intenlio

239 3041 388 3121 loqueatis
410 3040 448 3102 edi
471 3041 561 3103 initio
583 3042 628 3104 sio
648 3040 720 3120 fail,
743 3043 778 3102 ul
799 3059 820 3101 o
843 3040 971 3102 soeoilio
994 3041 1123 3104 Actoris
1147 3041 1304 3121 inciperet,
1327 3042 1515 3106 insecundo

187 3164 220 3211 aa
241 3147 302 3210 loeo
324 3150 480 3211 omasorel
501 3151 529 3208 et
551 3151 694 3224 aliodem,
721 3147 767 3210 iio
791 3151 906 3221 tornea,
929 3150 964 3209 cd
986 3148 1126 3211 oriminis
1148 3149 1214 3212 eius
1236 3148 1389 3211 invidiam
1411 3151 1517 3214 ecoe-

240 3254 323 3317 litoli
344 3254 472 3317 Amoris
500 3252 692 3330 adscriberet,
725 3257 753 3316 el
781 3253 845 3315 dieo
871 3253 1093 3332 perdicendum
1117 3253 1241 3338 (‘iile').·
1267 3253 1345 3331 ulle,
1368 3255 1516 3336 inprobum

239 3360 291 3423 ille
308 3381 388 3440 puer
410 3358 565 3423 crucielis’.
594 3365 622 3423 el
643 3361 892 3442 delinquendum
915 3361 959 3423 iia
981 3365 1025 3424 esi
1048 3359 1191 3426 ‘medelis
1215 3366 1248 3426 tu
1270 3382 1387 3443 quoque
1408 3367 1516 3427 mom

239 3468 370 3531 medelis
393 3471 490 3531 muter
513 3468 626 3548 irrepis,
649 3488 693 3530 oa
710 3488 790 3549 prior
813 3467 980 3549 inprobus?
1026 3473 1054 3531 cl
1076 3470 1227 3551 disiiopue
1260 3468 1339 3546 ‘illo
1367 3469 1516 3551 inprobus

240 3573 292 3637 iile
312 3594 389 3654 puter
412 3572 559 3638 crudelis'
584 3579 612 3637 cl
632 3574 779 3656 subiunpe
804 3574 850 3636 ‘ln
874 3595 989 3655 piloque
1012 3575 1134 3639 ruomr'.

242 3837 304 3891 VH,
324 3767 482 3892 p2pxtremi
501 3766 770 3836 autem...remot']
790 3783 876 3820 exser.
896 3767 959 3820 Isid.
980 3783 1017 3821 or.
1037 3767 1075 3821 IX
1094 3774 1186 3835 2125
1208 3771 1217 3838 1]
1242 3775 1257 3823 6
1277 3769 1463 3841 extremique]
1483 3771 1517 3825 A.
1549 3837 1553 3842 .

239 4019 320 4086 caleo
338 4022 347 4085 ΙΙ
367 4024 379 4069 1
401 4035 555 4072 nvrnnaos
575 4019 601 4071 L
638 4037 689 4072 avr
708 4036 818 4071 munaus
838 4017 966 4072 Seniani
985 4020 1050 4073 libri
1068 4019 1077 4086 ΙΙ
1095 4021 1204 4071 montes
1224 4021 1289 4072 sunt
1309 4036 1400 4074 maros
1421 4019 1515 4089 (isma-

240 4104 284 4142 ros
305 4089 323 4155 l)
344 4091 372 4141 in
392 4088 496 4157 ephyro
516 4090 621 4158 rodope
641 4090 668 4142 in
689 4089 778 4142 tracia
796 4091 889 4157 asperi
909 4088 1064 4158 (asperrimi
1079 4092 1098 4158 l)
1117 4089 1144 4142 L
1158 4091 1196 4157 ]]2
1217 4088 1371 4161 vituperat]
1390 4108 1515 4146 amorem

239 4161 303 4214 add.
324 4159 350 4212 ll
369 4162 378 4227 ΙΙ
397 4167 412 4213 3
432 4177 449 4212 a
467 4161 554 4228 gestis
574 4162 655 4214 rebus
673 4162 753 4230 culpo
772 4161 781 4230 l]
800 4167 815 4214 8
836 4181 921 4215 novur
933 4205 939 4216 .
952 4204 957 4215 .
970 4206 975 4216 .
987 4177 1048 4214 oras
1063 4168 1127 4230 post
1146 4160 1272 4215 definitio
1292 4160 1395 4215 amoris
1415 4165 1457 4231 (p.
1472 4169 1515 4229 99,

239 4234 286 4300 23)
304 4233 366 4284 lculi.
386 4231 412 4284 L
426 4231 465 4298 ]9
485 4233 544 4283 edit
562 4233 588 4284 L
602 4233 611 4298 ΙΙ
631 4237 663 4284 10
682 4233 783 4302 artem]
802 4236 922 4286 matrem
940 4233 966 4285 L
989 4235 999 4300 ]
1021 4232 1185 4302 insinuavit]
1204 4233 1308 4286 inuasit
1325 4233 1352 4285 B
1389 4231 1516 4289 insinuat

240 4302 298 4357 RL
318 4306 397 4370 (corr.
418 4304 437 4369 l)
458 4302 466 4369 ΙΙ
491 4308 521 4354 11
543 4304 666 4357 inlundit
684 4305 709 4356 L
730 4307 809 4371 (corr.
830 4305 849 4367 l)
872 4307 882 4372 ΙΙ
905 4311 934 4357 et
952 4304 1036 4375 bene]
1057 4305 1192 4358 Natorum
1211 4304 1346 4371 sanguine
1365 4323 1400 4360 m.
1421 4321 1444 4360 e.
1464 4323 1515 4360 m.:

239 4374 311 4427 bene
330 4375 356 4426 Il
383 4376 393 4442 ΙΙ
420 4373 490 4427 bene
509 4390 559 4426 oro.
579 4374 604 4426 L
631 4375 640 4442 ΙΙ
667 4375 740 4443 tegit
760 4375 817 4427 RL
836 4378 914 4432 (corr.
936 4377 955 4431 ll
978 4377 987 4444 l]
1011 4379 1043 4428 12
1064 4377 1232 4430 contemtum
1252 4375 1315 4428 HL
1333 4379 1343 4446 ΙΙ
1360 4377 1513 4445 peremisse

239 4446 265 4498 L
288 4447 297 4514 ΙΙ
320 4444 507 4514 interemisse]
532 4443 752 4499 commaculare:
776 4445 909 4514 polluere.
947 4445 1072 4500 Crudelis
1091 4448 1123 4500 tu
1142 4463 1250 4515 quoque
1271 4449 1372 4502 mater:
1392 4449 1456 4503 add.
1477 4448 1514 4513 R,

239 4519 338 4599 recepit
357 4516 511 4585 Stephanae
538 4519 547 4584 ]
575 4516 769 4599 14.³¹1.¹¹¹¹stP›
793 4524 823 4570 ut
841 4519 958 4600 uidetur,
984 4516 1107 4600 imputat
1121 4536 1150 4588 p.
1188 4536 1223 4572 ne
1242 4518 1514 4603 defendat...quae

239 4588 1101 4730 llflttldllt]t‘llllgirllltl,illarius
1115 4591 1174 4730 dd
1191 4591 1363 4714 iitidt
1376 4590 1513 4730 „illl

240 4736 311 4784 trem
330 4733 350 4784 l:
370 4733 504 4784 ematrem
524 4730 549 4781 L
587 4735 703 4784 inatrem
723 4733 826 4786 Daniel
845 4735 853 4801 ΙΙ
873 4738 906 4786 26
926 4732 1082 4786 adcriberet
1100 4732 1126 4784 L
1147 4734 1157 4800 ΙΙ
1179 4732 1250 4786 ‘ille’
1272 4733 1372 4786 addidi
1387 4734 1396 4802 ΙΙ
1410 4738 1444 4786 28
1464 4732 1513 4787 ille

245 4802 414 4858 ...erudelis
432 4818 489 4856 aon
507 4803 592 4855 edidit
606 4802 716 4856 Daniel.
744 4804 784 4857 sie
802 4805 883 4857 uerbo
901 4805 932 4857 ia
951 4805 1040 4857 codice
1058 4804 1188 4856 distincta
1205 4809 1270 4858 sard
1289 4802 1338 4857 ille
1357 4803 1510 4873 improbus.

239 4874 287 4928 ille
305 4890 375 4944 puer
393 4873 521 4928 erudelis.
539 4874 596 4943 1129
616 4874 745 4945 crudelis]
766 4877 795 4929 et
813 4874 972 4943 distinguere
992 4875 1055 4928 odd.
1075 4873 1101 4926 L
1124 4875 1133 4943 ΙΙ
1156 4874 1293 4944 subiunge
1312 4873 1428 4929 Daniel:
1448 4877 1513 4929 sub·
