3354 5430
270 334 312 397 68
848 334 967 389 SERVlI

266 498 417 563 montibns
440 519 490 582 ne,
513 499 587 561 diam
609 498 734 562 oincnla
756 499 917 581 inicerent,
941 500 1157 581 inperpefteret.
1257 519 1392 562 riorum
1410 519 1469 580 pro
1492 497 1549 562 ‘oi-

263 605 404 687 pilanti'.

355 714 407 777 22.
444 734 639 777 ennarrans
661 734 813 776 rnoarrn
833 733 934 776 nonis
956 734 998 776 nr
1016 735 1041 776 r.
1056 734 1081 775 e.
1106 712 1197 776 malti
1220 713 1256 777 ob
1278 712 1332 777 loc
1354 714 1469 777 dictam
1482 733 1545 793 pn

266 824 345 902 tant,
368 822 450 901 qnod
470 821 576 885 robens
594 820 675 885 color
693 821 818 884 deornm
836 821 894 884 eit:
917 821 998 883 rende
1015 824 1043 883 et
1061 819 1286 901 triumphantes
1302 820 1384 899 facie
1401 820 1550 902 miniato,

229 931 292 990 aet
313 928 349 990 in
372 926 526 1009 Capitolio
549 928 692 1008 Iuppiter
719 928 754 990 in
782 928 944 1008 quadrinis
967 928 1127 990 miniotns.
1174 932 1202 990 et
1223 927 1294 990 bene
1318 925 1453 1010 pinpit',
1484 946 1549 990 non

264 1032 450 1115 ‘inoninot';
473 1055 549 1098 nam
572 1036 636 1097 iam
659 1034 837 1115 oipilantcm
860 1034 988 1097 diamat.
1019 1053 1094 1097 sarie
1109 1034 1220 1113 fabnla
1237 1034 1274 1097 de
1292 1054 1377 1097 moro
1396 1033 1470 1097 talis
1487 1037 1548 1097 est:

264 1138 420 1221 Pyranms
443 1146 472 1203 et
497 1139 611 1204 Thisbe
636 1140 723 1219 faere
751 1145 786 1202 nt
806 1140 912 1219 forma
931 1159 1037 1221 pares,
1069 1140 1115 1202 ito
1138 1161 1242 1204 amore
1264 1141 1438 1204 coniuncti:
1471 1159 1547 1221 omos

263 1247 379 1311 vicinos
396 1249 505 1328 parics
527 1246 691 1328 dividebat,
715 1249 802 1311 caina
824 1248 908 1310 rima
925 1247 1107 1327 praestabat
1128 1247 1320 1328 colloquium.
1366 1267 1435 1311 cam
1457 1267 1547 1310 amor

264 1354 403 1418 oreoismt
424 1355 467 1417 ad
488 1355 697 1436 timiditatem,
716 1353 839 1434 pluam
860 1358 896 1417 nt
916 1354 1039 1434 ntriqne
1060 1358 1151 1417 nocta
1173 1359 1261 1418 cetra
1283 1355 1387 1418 domm
1406 1353 1546 1434 proinde-

215 1477 246 1523 1o
264 1464 333 1523 rent
355 1461 510 1542 locmnpae
533 1461 659 1532 coennoli
682 1465 849 1524 statnercnt
871 1461 914 1523 ad
934 1460 1082 1543 arborem,
1106 1482 1184 1541 qnae
1205 1466 1277 1525 onte
1299 1466 1367 1525 erat
1384 1460 1464 1525 albis
1479 1461 1548 1540 fria

264 1571 368 1632 otnosa
387 1569 498 1649 pomis.
529 1572 558 1632 ct
579 1588 648 1632 enm
665 1568 757 1649 prior
779 1569 908 1631 venisset
923 1566 1038 1630 Thisbe
1059 1568 1103 1631 ad
1124 1567 1236 1650 loram,
1259 1568 1337 1631 oidit
1358 1568 1446 1632 leam.
1473 1568 1550 1632 dam

264 1678 390 1737 mortem
411 1674 507 1758 fnpit,
536 1679 644 1740 omtcm
671 1674 804 1757 reliquit.
846 1677 881 1738 in
909 1694 970 1755 orio
1000 1679 1078 1738 ocete
1103 1674 1173 1753 fora
1196 1676 1329 1738 camarii
1350 1676 1434 1738 iram
1456 1694 1549 1738 snam

264 1782 440 1862 ernorieqae
463 1782 549 1861 forae
575 1781 709 1846 alienius
730 1782 829 1863 panlo
856 1786 928 1845 ante
955 1782 1068 1845 occisae
1097 1782 1222 1863 reliqnit
1243 1783 1370 1864 oestipia
1392 1783 1428 1845 in
1444 1781 1549 1863 pallio

260 1887 390 1967 paellae.
443 1909 504 1969 qna
536 1893 613 1953 oeste
644 1890 713 1954 oisa
744 1887 902 1971 Pyramea
934 1892 1106 1965 cruentata,
1143 1893 1232 1952 ratas
1263 1889 1454 1968 interfectum
1485 1908 1549 1953 esso

215 2010 245 2057 15
267 1993 416 2078 Thisben,
445 1996 480 2059 ob
503 2017 645 2061 ainornm
669 1997 811 2060 ardorem
833 2016 865 2060 sc
887 1995 1047 2074 interfecit.
1083 2015 1171 2076 picem
1188 2015 1372 2077 praepreesa
1394 2015 1410 2058 c
1432 1994 1548 2058 latebra

264 2106 300 2165 nt
321 2103 399 2166 nidit
423 2102 535 2168 Thisbe
557 2105 744 2185 inanimem,
770 2103 915 2184 amplena
938 2103 1003 2168 eina
1025 2122 1135 2183 corpas
1156 2122 1187 2166 se
1210 2102 1370 2181 interfecit.
1415 2121 1452 2165 en
1473 2121 1546 2182 pao·

264 2229 336 2272 ram
364 2229 470 2274 maore
496 2211 611 2275 dicitnr
639 2211 732 2274 arbor
755 2210 884 2289 infecta:
921 2228 996 2272 nam
1019 2228 1097 2289 qaae
1119 2212 1191 2272 ante
1210 2208 1333 2290 perabat
1349 2227 1446 2289 poma
1467 2207 1548 2289 alba,

266 2335 349 2380 nnnc
370 2319 551 2400 sanquinem

355 2424 407 2488 23.
444 2446 563 2488 arunas
584 2426 726 2489 irridens.
820 2444 881 2494 oro
903 2425 946 2487 acl
967 2444 1062 2504 qnam
1084 2443 1158 2486 rem.

213 2545 247 2592 20
356 2531 407 2595 24.
445 2551 580 2595 eocrrrn
601 2553 651 2594 aa
671 2552 772 2594 eruar
794 2532 869 2612 qnia
881 2535 1072 2612 peitaoeront
1089 2551 1157 2594 eam
1176 2550 1288 2593 corono
1307 2530 1435 2612 altipari
1447 2549 1546 2612 posse.

312 2653 409 2702 sunus
433 2654 496 2702 EST
520 2654 688 2703 Pouvlssn
712 2655 837 2701 VIDERI
862 2637 980 2701 solvite
1005 2659 1070 2722 me,
1094 2635 1216 2700 suffieit
1239 2637 1334 2719 enim,
1359 2637 1435 2720 quia
1453 2636 1547 2720 potui

267 2744 417 2827 anobis,
449 2747 503 2826 oroi
526 2746 596 2809 ostis
618 2744 768 2826 lominica,
801 2743 916 2807 videri:
948 2743 1034 2826 quod
1058 2743 1129 2808 ideo
1159 2743 1250 2825 dicit,
1283 2743 1359 2826 quia
1391 2742 1548 2807 hemithei

267 2872 341 2913 eum
365 2850 479 2914 volunt
510 2853 639 2915 tantum
671 2851 834 2934 videntur,
862 2853 900 2912 ut
922 2849 1026 2933 fauni,
1048 2851 1224 2934 nymphae,
1256 2847 1392 2913 Silenus,
1438 2853 1548 2932 potest

267 2962 301 3021 et
324 2957 419 3021 aliter
443 2957 605 3043 intellegi:
630 2957 746 3023 solvite
770 2978 835 3040 me3
864 2956 984 3021 suffieit
1008 2957 1107 3040 enim,
1131 2957 1217 3040 quod
1239 2957 1317 3020 talis
1342 2955 1434 3020 vobis
1458 2956 1547 3020 visus

214 3079 246 3127 ua
268 3086 353 3148 sum,
377 3068 413 3128 ut
436 3064 533 3128 etiam
557 3064 658 3150 ligari
680 3063 811 3147 possim.

356 3172 408 3235 26.
445 3187 530 3236 nvic
555 3188 661 3235 nmvn
686 3187 860 3234 nnacnms
884 3188 964 3234 nam
987 3170 1150 3254 nymphae
1169 3151 1480 3253 minatnr'stuprum
1499 3171 1547 3234 la-

266 3282 385 3342 tenter:
410 3277 495 3361 quod
520 3277 696 3342 verecunde
720 3276 802 3340 dixit
824 3274 999 3361 Vergilius,
1044 3276 1117 3342 baec
1139 3282 1242 3342 aalma
1264 3278 1370 3342 omnio
1392 3275 1546 3341 deSileno

265 3406 286 3447 a
311 3383 504 3466 Theopompo
528 3386 563 3448 in
585 3404 619 3448 eo
643 3384 733 3467 libro,
761 3385 815 3465 qni
840 3383 1037 3448 Thanmasia
1059 3384 1242 3467 appellator,
1270 3385 1442 3466 omeerrpta
1463 3388 1545 3449 sant.

265 3492 330 3571 ipse
352 3492 395 3554 od
416 3491 707 3555 commendationem
729 3491 859 3554 addidit.

213 3615 247 3661 eo
357 3598 407 3661 27.
445 3616 481 3661 m
508 3615 681 3662 nvunnvu
711 3615 852 3661 nvonnn
882 3597 913 3660 id
943 3600 993 3659 est
1022 3597 1143 3661 saltare
1172 3598 1211 3661 ad
1240 3598 1371 3661 modum
1400 3597 1546 3681 rhythmi

265 3707 298 3767 et
321 3704 514 3768 cantilenae:
537 3705 583 3770 ocl
605 3705 649 3769 ad
670 3710 783 3769 certam
805 3704 1054 3769 modulatimom.
1145 3725 1269 3795 aarum
1288 3706 1383 3784 fanni
1404 3705 1444 3769 ab
1466 3703 1544 3783 effa-

356 3869 368 3915 1
390 3861 504 3916 Videnti
521 3879 571 3931 pro
592 3860 760 3932 ‘vigilanti']
781 3862 815 3914 ef.
836 3863 904 3916 Don.
925 3861 960 3916 ad
980 3860 1042 3917 Ter.
1062 3861 1163 3918 Euml
1186 3863 1328 3930 1,28131
1348 3862 1439 3917 fauni.
1451 3905 1457 3917 .
1469 3861 1545 3917 ned-

264 3934 381 4003 debant]
402 3933 435 3988 ef.
456 3932 521 3988 Isid.
542 3951 581 3988 or.
602 3932 666 3988 VllI
688 3941 729 4001 11,
745 3939 778 3987 87
1460 3983 1463 3988 ,

352 4081 369 4127 4
387 4077 487 4129 rebeus
506 4077 527 4129 l:
547 4077 628 4130 rober
646 4075 673 4129 L
686 4077 725 4144 15
744 4075 847 4144 iupiter
861 4074 887 4128 L
900 4078 910 4144 1
923 4074 952 4128 in
971 4076 1114 4145 quadrigis
1133 4075 1265 4130 miniates
1284 4077 1383 4144 scripsi
1402 4077 1449 4145 (ef.
1461 4077 1538 4132 Ptin.

263 4165 290 4201 a.
310 4149 335 4200 b.
354 4145 470 4199 XXXIII
489 4151 503 4209 5
524 4150 597 4215 111):
626 4147 656 4200 in
674 4146 824 4213 quadrigas
843 4145 974 4200 miniates
993 4147 1020 4200 L
1056 4147 1085 4199 in
1104 4146 1241 4215 quadriga
1259 4146 1377 4202 miniata
1397 4146 1539 4202 Commeli·

263 4235 316 4272 nas
330 4219 338 4286 11
354 4224 368 4271 't
388 4218 465 4271 hisbe
484 4217 511 4270 L
525 4218 564 4286 118
583 4218 660 4272 euius
679 4217 750 4271 rima
767 4219 879 4285 scripsi:
899 4217 999 4286 quibus
1019 4217 1077 4272 ima
1095 4217 1121 4270 L
1158 4218 1258 4286 quibus
1277 4234 1333 4272 una
1352 4218 1457 4274 Daniel
1477 4220 1486 4288 ΙΙ
1510 4223 1544 4272 10

264 4288 401 4357 eotteundi
420 4288 446 4342 L
465 4289 491 4356 (e
510 4289 602 4342 littera
619 4291 727 4344 uioletmr
745 4289 831 4344 deleta
849 4293 912 4356 eoae)
925 4291 935 4359 11
949 4290 1107 4343 statuerunt
1124 4290 1219 4343 malim
1239 4291 1248 4358 11
1271 4295 1302 4342 11
1322 4289 1402 4344 hisbe
1422 4289 1448 4343 L
1473 4293 1482 4358 1
1508 4296 1540 4344 12

264 4359 318 4414 fuit
344 4361 371 4414 L
407 4359 481 4428 fugit
509 4360 519 4413 l
549 4362 559 4428 11
596 4361 666 4413 iram
693 4377 726 4414 ca
754 4375 830 4414 eram
858 4361 885 4414 L
915 4361 924 4429 11
958 4366 991 4413 14
1019 4361 1166 4414 cruentata
1192 4360 1220 4413 L
1256 4362 1372 4414 eruenta
1399 4363 1433 4415 fe
1465 4363 1495 4430 (i.
1521 4377 1543 4416 o.

265 4431 366 4499 ‘tane’)
385 4431 520 4502 lssratus]
541 4434 584 4484 est
603 4433 666 4486 odd.
686 4434 765 4500 1115
784 4431 886 4485 tisbem
906 4432 939 4485 L.
978 4435 1007 4486 et
1025 4432 1089 4486 add.
1108 4431 1190 4500 lssob
1209 4432 1231 4486 l:
1251 4432 1281 4484 at
1298 4433 1339 4486 ool
1357 4434 1401 4498 ut,
1420 4439 1452 4487 nt
1469 4434 1543 4487 oide-

264 4507 319 4567 tnr,
337 4502 364 4555 L
377 4505 387 4571 11
401 4520 495 4571 quem.
507 4545 513 4557 .
525 4518 565 4557 ,se
585 4501 726 4557 interfecit
744 4519 793 4557 om.
813 4502 917 4557 Daniel
931 4505 940 4573 1
956 4510 988 4557 16
1008 4503 1080 4557 tisbe
1099 4503 1126 4556 L
1152 4502 1212 4557 isbe
1231 4503 1263 4571 11
1278 4502 1439 4572 amplexata
1458 4505 1539 4574 11120

264 4588 367 4627 corona
390 4572 503 4643 alligari
525 4590 584 4641 eoo:
613 4589 698 4627 eoron
717 4574 829 4642 alligari
847 4574 875 4627 L
901 4590 1004 4628 corona
1022 4573 1106 4644 ligari
1125 4575 1159 4629 P.
1178 4574 1283 4628 Daniel
1309 4576 1319 4642 1
1346 4580 1379 4628 22
1400 4574 1543 4629 hemithei

265 4643 358 4698 BRo:
379 4643 495 4698 emithei
513 4644 639 4698 APHL
675 4644 693 4699 i.
713 4662 735 4699 e.
756 4644 872 4699 semidei
890 4662 965 4715 capr.
984 4663 1050 4701 aare.
1070 4647 1133 4715 abss
1151 4650 1184 4699 23
1204 4644 1293 4716 fauni]
1314 4645 1400 4699 staini
1419 4646 1446 4699 L
1468 4649 1478 4714 1
1509 4652 1543 4700 27

264 4713 335 4767 dicit
354 4716 418 4768 PH
428 4718 437 4783 11
452 4721 485 4769 28
504 4715 644 4770 taumasia
661 4716 688 4769 L
710 4717 719 4783 11
742 4722 775 4770 29
795 4716 915 4787 addidit]
933 4719 1049 4785 fomaoee
1066 4720 1127 4772 tum
1146 4732 1211 4770 vero
1230 4717 1258 4768 in
1277 4732 1423 4770 numerum
1443 4735 1463 4771 a.
1479 4736 1502 4786 a.
1518 4734 1539 4771 a.

264 4785 466 4841 interciderant
