3354 5430
563 1469 735 1546 SERVII
762 1468 1093 1546 GRAMMATICI

227 1653 283 1736 IN
315 1653 551 1740 vaccum
583 1653 889 1738 cucaclcorl
919 1653 1123 1740 LIBRVM
1155 1653 1434 1743 suchcvM

617 1831 1036 1919 COMMENTARIVS.

282 2040 310 2102 1.
333 2055 516 2105 uaeramus
540 2056 708 2104 euvoavu
733 2056 867 2104 cvucvs
887 2057 932 2102 ur
952 2056 1080 2103 smum
1101 2056 1205 2105 caum
1230 2042 1309 2106 mire
1333 2042 1467 2107 iteravit

191 2145 285 2208 illum
309 2167 438 2231 versum
463 2145 499 2230 <1
526 2148 565 2228 1>
598 2146 687 2231 quid
719 2145 843 2211 faciat
874 2147 999 2210 laetas
1033 2150 1201 2233 segetes,
1234 2170 1307 2231 quo
1341 2148 1466 2213 sidere

83 2300 87 2306 ·
192 2258 344 2318 terram.
381 2255 415 2318 in
438 2253 500 2318 hoc
525 2257 633 2319 autem
657 2253 742 2319 libro
766 2253 951 2337 exsequitur
975 2252 1136 2317 culturam
1161 2255 1233 2338 agri
1257 2254 1386 2337 consiti,
1410 2254 1466 2338 qui

192 2360 337 2424 omnium
361 2361 514 2425 arborum
538 2361 683 2426 continet
706 2383 834 2447 genera.
866 2364 899 2424 et
917 2350 1086 2424 sciendum
1102 2362 1165 2441 est,
1181 2359 1364 2445 Vergilium
1382 2362 1465 2426 vites

192 2489 320 2551 quoque
338 2468 471 2532 arbores
491 2467 609 2552 dicere,
632 2472 669 2531 ut
684 2467 738 2552 <11
753 2467 840 2550 277>
854 2489 922 2531 nee
946 2467 1069 2530 setius
1093 2467 1216 2531 omnis
1239 2468 1280 2530 in
1301 2489 1466 2553 unguem
1485 2483 1501 2532 5

193 2574 399 2640 arboribus
422 2574 567 2658 positis
592 2578 698 2640 secto
722 2575 784 2639 via
807 2574 931 2638 limite
955 2573 1127 2657 quadret.
1161 2576 1194 2637 et
1217 2571 1406 2658 ‘hactenus',
1429 2579 1467 2638 ut

191 2680 287 2745 multi
315 2681 440 2767 volunt,
468 2704 534 2746 una
561 2704 637 2766 pars
666 2682 823 2747 orationis
847 2684 911 2765 est,
938 2683 972 2744 et
995 2683 1045 2744 est
1068 2680 1256 2745 adverbium
1281 2680 1466 2766 significans

191 2786 397 2873 ‘hucusque'.
443 2788 498 2853 alii
526 2790 606 2853 duas
635 2792 744 2872 partes
772 2789 900 2871 volunt,
933 2809 1114 2872 pronomen
1142 2790 1175 2852 et
1198 2786 1399 2873 adverbium,
1429 2792 1467 2852 ut

192 2895 236 2958 sit
259 2893 369 2959 ‘tenus
393 2894 481 2980 hao',
504 2895 589 2961 sicut
612 2895 685 2980 <III
708 2895 773 2979 53>
796 2900 833 2960 et
856 2918 1007 2960 crurum
1031 2899 1142 2960 tenus
1166 2918 1186 2959 a
1209 2899 1336 2959 mento
1360 2895 1466 2979 pale-

192 3003 275 3068 aris
292 3003 480 3088 pendent,
503 3004 559 3067 sed
578 3003 693 3068 melius
714 3006 880 3068 estunam
900 3005 1027 3086 partem
1046 3003 1191 3086 accipere
1211 3001 1367 3066 orationis
1382 3000 1466 3065 ‘hec-
1487 3017 1520 3067 10

190 3109 307 3176 tenus'.
442 3128 568 3175 smum
593 3127 696 3174 cesar
720 3112 927 3195 pleonasmos
951 3113 1015 3174 est:
1038 3130 1097 3174 nec
1120 3109 1206 3173 enim
1230 3108 1324 3193 alibi,
1346 3108 1415 3197 nisi⁸
1432 3108 1467 3172 in

192 3217 297 3302 eaelo,
320 3221 396 3283 sunt
421 3217 534 3282 sidera.
942 3207 945 3213 ¹

280 3327 326 3395 2..
349 3345 393 3390 ΤΕ
416 3343 554 3392 beccus
579 3344 698 3392 cANAM
727 3327 930 3391 inventorem
952 3347 1011 3409 pro
1036 3323 1159 3390 vitibus
1182 3323 1306 3408 posuit,
1335 3323 1374 3387 de
1398 3323 1467 3407 qui-

193 3434 254 3497 bus
277 3430 347 3498 uca’
373 3431 490 3518 ἐξοχήν
512 3434 548 3498 in
569 3435 631 3499 hoc
653 3434 739 3500 libro
763 3432 919 3518 loquitur:
955 3454 1033 3496 nam
1056 3431 1140 3496 vites
1164 3431 1356 3516 praecipuae
1381 3434 1468 3513 sunt,

192 3540 270 3604 licet
298 3544 330 3605 et
360 3541 498 3606 aliarum
521 3542 675 3606 arborum
698 3541 798 3606 faciat
822 3540 1168 3605 commemorationem.
1302 3556 1369 3604 Nuc
1392 3555 1465 3603 NON
1487 3553 1519 3601 15

193 3665 396 3714 srcvrrsrum
430 3664 549 3713 rucvrr
581 3666 758 3714 vmovuru
796 3648 829 3711 id
848 3650 912 3713 -est
943 3646 1132 3712 infecundas
1166 3646 1312 3727 arbores,
1349 3645 1465 3729 quibus
1552 3682 1556 3697 x

193 3755 363 3840 praecipue
386 3755 421 3818 in
442 3754 541 3820 Italia
564 3755 645 3820 vites
670 3757 853 3821 cohaerent.

279 3863 311 3928 ¹3.
348 3879 466 3927 recor}
491 3856 695 3929 cassellum
725 3879 855 3927 OLIVAE
882 3884 934 3926 res
964 3861 1049 3926 enim
1077 3859 1132 3924 diu
1160 3858 1314 3924 duratura
1340 3860 1465 3926 tardius

192 3969 317 4035 crescit.

280 4076 311 4142 4.
347 4093 417 4141 rrvc
440 4093 557 4142 Parare
584 4095 606 4143 o
634 4094 771 4141 nauare
802 4074 929 4161 ‘pater'
960 4075 1038 4139 lieet
1070 4074 1220 4161 generale
1249 4073 1292 4138 sit
1321 4075 1466 4139 omnium
1484 4091 1519 4139 ro

194 4183 340 4267 deorum,
372 4186 483 4248 tamen
509 4184 639 4268 proprie
662 4183 780 4248 Libero
811 4204 937 4268 semper
960 4183 1123 4248 cohaeret:
1155 4204 1232 4246 nam
1255 4181 1351 4246 Liber
1373 4186 1466 4265 pater

281 4401 315 4450 20
334 4396 414 4464 pater
426 4440 432 4451 .
444 4438 450 4451 .
462 4394 679 4465 ‚etymologiam
698 4394 835 4467 recipere]
854 4411 940 4450 exsor.
960 4393 1101 4462 mythogr.
1122 4392 1161 4445 ΙΙΙ
1182 4398 1254 4461 lm

281 4596 298 4644 3
317 4590 462 4660 exequitur
480 4590 543 4645 PH
553 4592 593 4661 115
613 4590 699 4645 setius
718 4591 762 4646 H:
781 4589 872 4644 secius
891 4590 1035 4660 APVllS
1054 4588 1152 4644 volunt
1170 4605 1220 4644 om.
1241 4588 1286 4659 Vll
1302 4594 1332 4642 11
1354 4591 1398 4642 est
1415 4605 1465 4661 pur.

25 4630 32 4645 '
121 4688 124 4693 -
192 4663 241 4733 Pl
254 4663 322 4735 nisi]
343 4679 428 4733 quam
449 4662 497 4730 Ριι
513 4667 545 4715 14
564 4663 626 4716 aare
646 4663 766 4717 exoeuen
783 4664 811 4716 A
834 4661 1006 4716 eaehxoahen
1032 4661 1057 4713 ν
1081 4659 1250 4717 eatexoohen
1270 4661 1323 4729 rin
1337 4661 1467 4729 loquetur

193 4734 220 4789 A
243 4735 253 4804 l
277 4741 308 4789 17
347 4735 477 4804 raecipue
495 4733 562 4788 ΑΗ
581 4735 590 4803 ΙΙ
616 4740 647 4788 15
667 4735 797 4788 arborum
815 4750 866 4789 orn.
885 4733 912 4788 A
934 4735 995 4802 llss
1014 4731 1043 4786 id
1063 4735 1106 4789 est
1123 4749 1174 4788 om.
1193 4733 1260 4786 ΑΗ
1274 4734 1283 4803 ΙΙ
1303 4731 1417 4803 quibus]
1436 4731 1466 4787 in

193 4807 294 4876 quibus
355 4808 365 4877 l
381 4812 412 4861 1⁷
430 4804 580 4876 praecipue
599 4806 665 4860 ΑΗ
676 4807 685 4877 ll
701 4811 733 4860 18
752 4805 823 4861 dura
840 4805 867 4859 A
886 4804 1031 4876 (duraturo
1049 4806 1078 4875 a)
