3344 5430
178 374 216 428 IV
707 378 918 433 PRAEFATIO.

178 538 316 620 cederet,
341 562 370 622 p.
384 558 504 603 cxxxv
515 562 584 624 sqq.
608 543 750 624 exposui.
791 541 904 606 APH
921 542 997 605 libri
1019 565 1077 625 per
1101 550 1207 608 totum
1230 546 1451 611 bucolicorum

178 647 211 708 11
238 647 462 730 georgicorum
491 648 759 711 commentarium
786 652 917 732 praesto
933 648 1080 713 -fuerunt
1126 651 1159 713 in
1182 650 1370 717 Monacensi
1393 655 1450 718 bu-

177 752 353 816 colicorum
391 755 615 818 commentarii
652 777 728 838 pars
761 755 904 818 maxima
936 754 1115 838 (praefatio
1147 781 1247 842 usquc
1280 761 1320 825 ad
1352 763 1452 827 verba

176 861 321 925 audieras
343 861 480 940 etfama
500 861 565 940 fait
586 863 639 926 sed
660 863 801 925 carmina
824 884 855 945 p.
870 861 899 946 3,
916 863 957 926 12
982 866 1014 925 ct
1038 863 1163 929 scholia
1186 866 1227 929 ad
1245 866 1295 931 ΙΙΙ
1315 869 1450 933 xs-Ix

177 964 234 1052 67)
257 967 396 1050 interiit,
419 969 645 1052 georgicorum
670 970 936 1034 commentarium
960 968 1378 1059 11—202,1117-515‚
1401 974 1450 1039 ΙΙΙ

178 1073 440 1139 135-1V492
469 1098 541 1138 cum
566 1097 603 1139 co
627 1075 712 1139 libro
736 1076 869 1140 contuli.
915 1077 1024 1160 itaque
1052 1079 1122 1142 buc.
1145 1078 1196 1142 ΙΠ
1222 1080 1373 1146 75-ΙΧ
1399 1083 1452 1167 67,

176 1202 285 1267 georg.
309 1179 509 1246 1204-11
536 1182 590 1267 16,
618 1181 651 1245 Il
675 1181 854 1246 516-111
880 1183 957 1265 133,
988 1182 1034 1247 IV
1057 1185 1251 1251 493-565
1275 1187 1449 1252 Beruensis

176 1289 363 1353 testimonia
391 1290 562 1374 adscripsi:
601 1288 679 1352 alibi
708 1311 780 1352 eum
809 1289 928 1353 librum
956 1312 1022 1354 non
1051 1291 1184 1356 adhibui
1211 1293 1276 1358 nisi
1303 1295 1337 1359 in
1361 1297 1449 1379 locis,

176 1419 312 1479 quorum
343 1397 504 1481 scriptura
532 1398 656 1460 incerta
684 1378 867 1479 videbatur,
897 1400 934 1461 ut
962 1397 1107 1462 codicum
1137 1402 1327 1465 memoriam
1351 1424 1449 1486 quam

175 1503 360 1586 plenissime
389 1503 631 1588 proponendam
661 1524 729 1566 esse
753 1506 910 1585 putarem.
957 1504 1096 1568 contulit
1120 1509 1228 1569 autem
1253 1506 1449 1573 Bernensem

176 1632 248 1674 cum
264 1610 374 1674 Lionis
394 1610 571 1695 exemplari
585 1608 741 1694 Hagenus
765 1632 803 1673 ea
826 1632 922 1694 quam
943 1632 1054 1675 omnes
1073 1612 1275 1677 admirantur
1294 1614 1451 1681 sollertia.

175 1715 459 1782 Caroliruhensem
485 1717 548 1781 186
578 1737 687 1802 georg.
710 1715 741 1780 ll
764 1715 940 1781 458-17
968 1719 1029 1783 193
1053 1720 1186 1784 excussi.
1233 1721 1289 1784 sed
1312 1744 1383 1786 cum
1408 1723 1448 1787 ab

175 1826 329 1910 imperito
352 1825 484 1890 homine
508 1824 623 1888 vitiose
647 1824 787 1907 scriptus
812 1824 868 1907 sit,
892 1825 926 1887 in
945 1825 1025 1890 locis
1045 1825 1150 1890 dubiis
1169 1831 1299 1891 tanturn
1320 1832 1376 1891 aut
1394 1829 1450 1893 ubi

174 1934 263 1998 solus
288 1932 391 1998 Servii
419 1954 550 1997 manum
580 1931 729 1995 exhibere
757 1931 929 1996 videbatur
959 1955 1031 1996 eum
1056 1935 1315 2000 commemoravi.
1360 1935 1448 2020 Lip-

174 2041 315 2105 siensis
345 2039 424 2128 (rep.
448 2039 464 2103 I
487 2063 517 2104 n.
537 2039 588 2104 36.
627 2038 666 2103 cf.
694 2039 795 2123 praef.
822 2062 853 2122 p.
872 2057 993 2104 LXXVII
1009 2038 1084 2126 sq.),
1116 2063 1212 2125 quem
1236 2043 1314 2106 olim
1339 2064 1449 2127 georg.

173 2146 224 2211 ΙΙΙ
251 2149 357 2213 1-24
381 2148 522 2232 inspexi,
550 2169 614 2211 1111
643 2147 728 2231 loco,
756 2169 786 2229 p.
804 2147 955 2230 273,26,
980 2149 1176 2212 mentionem
1199 2148 1269 2213 feci.
1317 2173 1333 2214 1
1358 2150 1448 2215 Vos-

175 2255 286 2320 siano
319 2255 386 2320 711.
413 2257 453 2320 12
488 2253 623 2320 saecX
654 2254 802 2318 exeuntis
826 2253 928 2340 (Vos)
960 2254 1180 2320 bucolicorum
1213 2255 1448 2339 praefationem

173 2361 268 2427 Halia
293 2362 400 2427 nescio
425 2384 489 2447 quo
513 2384 598 2426 anno
623 2361 792 2446 exscripsi,
817 2384 889 2425 cum
913 2362 953 2425 ad
976 2361 1184 2427 Franciscum
1209 2361 1391 2446 Oehlerum,
1414 2366 1447 2428 ni

172 2469 280 2556 fallor,
302 2472 421 2535 missus
441 2473 540 2540 esset.

260 2576 411 2641 ABPH
412 2577 458 2642 M
476 2577 636 2642 librorum
660 2579 693 2640 ct
711 2575 971 2640 Oaroliruhensis
988 2577 1051 2640 186
1075 2598 1136 2660 ope
1161 2575 1265 2642 Servii
1289 2578 1449 2662 scriptura

176 2684 256 2748 satis
276 2688 364 2748 certo
384 2684 511 2748 videtur
530 2684 710 2749 constituta
730 2683 812 2748 esse:
837 2705 1034 2767 quamquam
1053 2684 1081 2746 is
1101 2684 1214 2768 codex,
1233 2684 1316 2748 unde
1336 2707 1447 2749 omnes

172 2791 222 2855 illi
246 2791 463 2876 defluxerunt,
487 2791 604 2876 duplex
629 2791 783 2855 damnum
806 2793 1022 2856 contraxerat.
1063 2813 1138 2855 nam
1162 2791 1228 2855 iam
1252 2793 1448 2876 paulopost

172 2896 276 2962 Servii
299 2901 440 2962 aetatem
465 2919 582 2983 graeca
605 2898 716 2981 verba,
741 2919 823 2982 quae
847 2897 1448 2982 111111111111111111111111111111

171 3010 227 3069 aut
251 3006 390 3091 exempli
414 3027 510 3069 causa
534 3028 551 3070 e
574 3009 748 3089 poetarum·
769 3004 963 3069 carminibus
988 3004 1246 3088 deprompserat,
1274 3005 1315 3069 ab
1345 3005 1447 3070 homi-

170 3113 266 3177 nibus
296 3112 404 3198 graeci
432 3113 589 3176 sermonis
617 3111 766 3195 inperitis
794 3111 1003 3177 vehementer
1031 3115 1184 3194 corrupta
1213 3117 1298 3176 sunt.
1343 3113 1447 3177 veluti

170 3243 211 3286 ne
239 3221 362 3304 primus
393 3219 521 3304 quidem
550 3218 809 3304 mythographus
837 3219 908 3282 buc.
926 3216 974 3281 VI
996 3219 1037 3281 41
1068 3215 1112 3302 (p.
1134 3219 1191 3301 72,
1208 3215 1266 3304 21)
1296 3220 1379 3302 quod
1408 3242 1475 3314 ex⁸

169 3328 273 3413 ipsius
302 3332 334 3392 ct
362 3325 621 3392 Caroliruhensis
648 3325 710 3390 116
740 3325 937 3390 testimoniis
968 3324 1053 3387 inter
1084 3346 1118 3388 se
1148 3323 1329 3388 coniunctis
1357 3330 1447 3389 certa

171 3435 355 3500 coniectura
378 3455 586 3517 recuperasse
610 3432 720 3497 videor
738 3434 932 3517 θυμοβόρος
950 3432 1016 3495 iarn
1034 3431 1197 3515 integrum
1217 3431 1311 3516 legit,
1334 3431 1446 3497 Lemo·

170 3542 308 3608 vicensis
319 3541 343 3626 ¹)
372 3546 480 3606 autem
510 3539 671 3624 scriptura
698 3541 796 3624 paulo
825 3538 1004 3621 obscurior,
1037 3541 1074 3601 ut
1100 3537 1133 3601 id
1162 3538 1248 3621 quod
1269 3539 1343 3603 PH
1366 3538 1445 3603 Bur·

170 3651 344 3734 manrique
368 3648 445 3712 libri
464 3646 618 3711 exhibent
635 3653 739 3730 atroa,
763 3647 803 3711 ad
818 3645 1076 3711 Caroliruhensis
1096 3666 1168 3710 aroc
1186 3646 1290 3710 redire
1309 3647 1444 3711 videtur.

171 3778 280 3841 georg.
304 3755 337 3819 ΙΙ
361 3757 424 3820 241
454 3776 515 3840 pro
544 3754 662 3837 δεῖγμα
685 3776 750 3818 1ο1
774 3754 879 3819 solum
905 3751 1050 3818 Serviani
1074 3753 1164 3838 libri,
1189 3753 1244 3816 sed
1267 3751 1445 3818 Vaticanus
1469 3800 1470 3803 ,

171 3885 297 3946 quoque
321 3864 447 3944 dipaara
476 3860 617 3943 exhibet,
647 3861 734 3943 quod
761 3861 838 3944 quid
866 3861 928 3925 sibi
957 3860 1037 3924 velit
1064 3882 1130 3925 non
1153 3864 1262 3943 potest
1285 3860 1441 3944 intellegi.

170 3970 257 4054 quod
280 3990 389 4055 georg.
413 3967 460 4032 IV
484 3967 549 4032 513
573 3967 704 4030 restitui
727 3967 804 4048 ‘flet'
828 3967 998 4051 ὀδύρεται,
1022 3988 1095 4030 cum
1118 3967 1152 4030 in
1176 3966 1336 4031 Vaticano
1360 3966 1441 4030 nihil

170 4078 213 4142 sit
237 4077 301 4141 nisi
323 4077 383 4160 slat,
407 4075 470 4139 iam
494 4075 528 4138 in
552 4074 619 4137 eius
640 4075 816 4159 archetypo
836 4076 1024 4157 corruptum
1043 4073 1143 4136 fuisse
1164 4078 1308 4158 apparet.
1337 4074 1444 4138 minus

169 4189 257 4248 certa
281 4205 331 4248 res
354 4181 406 4247 est
429 4203 539 4268 georg.
562 4180 610 4245 IV
636 4182 716 4267 539,
738 4182 793 4247 ubi
816 4181 932 4245 hostiae
954 4202 1054 4264 prope
1077 4179 1198 4244 inritus
1223 4202 1262 4244 ex
1284 4178 1443 4245 Vaticano

168 4291 288 4376 recepi,
311 4313 383 4355 cum
407 4289 557 4355 orostbiae
570 4288 615 4370 A,
637 4287 797 4368 oroftiriaf
812 4288 852 4371 B,
876 4289 1005 4353 orostiae
1028 4288 1061 4372 P,
1085 4287 1237 4373 oroscbrac
1260 4286 1292 4350 H
1308 4287 1444 4352 habeat.

169 4397 323 4481 proposui
345 4397 378 4461 in
403 4394 612 4460 adnotatione
637 4416 720 4459 Areas
741 4396 902 4479 11111111,
927 4395 1013 4478 quod
1036 4416 1101 4459 non
1119 4395 1227 4459 nescio
1248 4417 1266 4458 1
1285 4394 1442 4458 librorum

170 4504 327 4568 memoria
357 4503 486 4587 longius
512 4523 608 4585 quam
634 4501 746 4565 deceat
770 4501 941 4565 discedere.
987 4500 1042 4563 sed
1065 4501 1151 4565 haud
1175 4500 1240 4565 scio
1265 4522 1307 4563 an
1331 4498 1443 4565 Servio

168 4633 232 4673 uon
256 4611 314 4672 fiat
338 4609 467 4693 iniuria,
491 4608 519 4672 si
543 4631 616 4672 eum
639 4610 740 4672 θυεία
763 4609 814 4672 vel
837 4611 921 4671 θυία
944 4608 1016 4672 voci
1040 4629 1110 4671 cam
1131 4607 1195 4671 vim
1219 4606 1372 4671 tribuisse
1397 4606 1442 4669 di-

257 4772 282 4834 1)
306 4765 499 4820 Lemovicensi
521 4763 647 4820 Danielis
671 4768 700 4819 11
718 4764 854 4818 Vaticano
872 4764 979 4834 Vrsini,
1004 4765 1038 4819 de
1063 4765 1162 4834 quibus
1187 4765 1260 4818 infra
1284 4765 1442 4817 accuratius

169 4838 315 4892 dicendum
337 4841 392 4902 111,
412 4835 563 4905 pleniorem
585 4835 815 4891 commentarium
834 4835 969 4890 contineri
988 4852 1097 4891 moneo.
