3354 5430
216 339 236 402 8
797 337 917 392 SERVII

305 505 358 568 20.
396 521 548 570 srvnrvs
574 521 645 569 neo
669 502 703 566 id
726 505 777 567 est
799 503 954 587 rusticus,
978 503 1033 586 qui
1057 501 1178 567 nescivi
1201 501 1350 566 iudicare.
1431 519 1491 566 No·

217 629 328 678 sensu
352 614 461 676 autem
484 609 647 675 Mantuae.
782 628 853 688 Qvo
876 610 910 673 id
933 613 983 673 est
1006 610 1047 674 ad
1070 632 1180 693 quam:
1203 631 1279 674 nam
1303 607 1493 672 adverbium

217 719 328 803 posuit
349 739 409 804 pro
432 718 576 802 nomine,
600 722 636 782 ut
659 738 780 803 genus
804 717 900 781 unde
924 715 1112 801 Latinum,
1135 716 1169 780 id
1192 719 1242 781 est
1266 739 1286 780 a
1309 738 1382 800 quo.

307 827 359 889 21.
397 843 509 890 ovrvn
537 843 696 892 ennacos
724 842 932 889 carantana
956 842 1068 889 rnrvs
1096 822 1297 909 periphrasis
1326 843 1493 907 agnorum.

184 952 200 1000 s
308 933 360 996 22.
398 949 451 997 sro
475 950 623 998 erursvs
648 950 804 999 curvnos
828 949 965 997 smmns
989 949 1041 997 sm
1064 948 1238 996 nurumvs
1261 947 1400 996 uranos
1420 949 1454 996 u.
1468 948 1494 996 s.

219 1058 249 1104 P.
272 1056 302 1104 c.
321 1057 356 1104 Μ.
376 1057 401 1104 s.
425 1040 497 1103 vult
520 1041 635 1105 urbem
661 1039 797 1104 Romam
820 1061 888 1104 non
910 1043 1039 1104 tantum
1062 1037 1293 1124 magnitudine,
1316 1037 1373 1101 scd
1396 1038 1494 1102 etiam

220 1167 337 1230 genere
361 1146 489 1211 differre
513 1169 532 1210 a
555 1148 670 1212 ceteris
694 1147 882 1212 civitatibus
911 1150 944 1210 et
967 1168 1038 1211 esse
1061 1146 1151 1212 velut
1176 1145 1337 1229 quendam
1356 1145 1495 1209 alterum

219 1252 375 1317 mundum
407 1254 463 1316 aut
491 1252 653 1335 quoddam
681 1253 819 1335 caelum,
846 1252 880 1315 in
904 1274 968 1335 qua
991 1251 1085 1316 deum
1109 1251 1280 1318 Gaesarem
1303 1251 1395 1316 vidit.
1440 1252 1495 1335 qui

220 1359 307 1423 enim
330 1363 499 1445 comparat
522 1359 594 1424 cani
616 1360 760 1424 catulum
783 1359 834 1423 vel
858 1358 998 1423 haedum
1017 1360 1173 1444 capellae,
1197 1358 1429 1444 magnitudinis
1448 1358 1495 1422 fa-

170 1488 202 1535 10
222 1466 281 1550 cit,
304 1487 370 1530 non
393 1465 521 1552 generis
546 1466 776 1550 differentiam3
805 1465 861 1550 qui
884 1469 994 1531 autem
1017 1467 1110 1551 dicit,
1135 1467 1187 1532 leo
1209 1467 1314 1532 maior
1337 1469 1386 1530 est
1410 1488 1497 1550 cane,

222 1577 255 1639 et
283 1574 410 1660 generis
438 1573 520 1640 facit
547 1578 580 1638 et
608 1574 841 1660 magnitudinis
870 1573 1102 1658 differentiam,
1132 1573 1217 1638 siout
1244 1597 1328 1639 nunc
1356 1573 1395 1637 de
1418 1573 1497 1637 urbe

222 1681 328 1746 Roma
351 1680 438 1744 fecit.
475 1681 645 1766 putabam,
668 1681 787 1765 inquit,
811 1683 895 1765 ante,
918 1679 966 1744 ita
989 1680 1128 1745 Romam
1151 1681 1403 1765 comparandam
1426 1702 1497 1745 esse

223 1789 295 1853 aliis
319 1786 521 1872 civitatibus,
553 1792 590 1852 ut
613 1788 697 1853 solet
719 1787 841 1853 haedus
870 1810 986 1871 caprae
1014 1788 1211 1873 comparari3
1243 1810 1318 1853 nam
1350 1788 1497 1874 quamvis

223 1896 328 1961 maior
356 1899 456 1981 esset,
487 1898 598 1960 tamen
625 1917 697 1960 eam
728 1896 894 1961 civitatem
924 1918 994 1960 esse
1017 1897 1186 1962 ducebam:
1218 1919 1305 1962 nunc
1328 1918 1404 1962 vero
1427 1917 1499 1980 pro·

173 2003 302 2070 labari
325 2025 397 2067 eam
421 2003 519 2067 etiam
543 2023 660 2088 genere
685 2002 820 2087 distare3
842 2025 917 2067 nam
940 2005 991 2067 est
1015 2003 1106 2068 sedes
1130 2005 1271 2069 deornm.
1303 2004 1366 2068 hoc
1389 2006 1498 2067 autem

225 2133 298 2176 eum
323 2110 442 2194 dicere,
474 2110 531 2174 ille
554 2111 748 2195 comprobat
770 2132 882 2174 versus
912 2109 1085 2194 ‘quantum
1108 2112 1199 2177 lenta
1222 2112 1329 2176 solent
1352 2111 1437 2175 inter
1456 2112 1500 2174 vi-

223 2219 328 2283 burna
358 2215 536 2301 cupressi’t
572 2240 650 2281 nam
679 2218 852 2281 viburnum
883 2217 1108 2283 brevissimum
1132 2222 1195 2303 est,
1227 2240 1399 2302 cupressus
1423 2240 1500 2283 vero

224 2326 322 2392 arbor
345 2329 398 2389 est
417 2325 567 2390 maxima
604 2325 666 2390 hoc
689 2329 797 2389 autem
822 2345 924 2409 genus
948 2325 1240 2412 argumentationis
1264 2329 1297 2389 et
1320 2325 1406 2410 apud
1429 2325 1500 2389 Ari-

225 2433 375 2498 stotelem
397 2432 518 2496 lectum
541 2435 606 2516 est,
629 2436 662 2497 et
685 2433 770 2516 apud
795 2429 992 2497 Ciceronem.
1071 2450 1280 2500 conponunt
1304 2454 1501 2517 comparare.

172 2557 206 2605 ao
313 2539 366 2603 26.
402 2557 446 2602 rr
476 2556 569 2616 evan
599 2557 715 2604 suurn
743 2557 823 2603 svm
852 2557 976 2605 nonan
1004 2559 1034 2606 r.
1058 2559 1087 2606 c.
1110 2560 1142 2605 v.
1176 2539 1275 2624 ‘quse
1298 2539 1422 2624 tanta';
1461 2540 1502 2604 ad

226 2667 382 2732 magnum
406 2646 490 2709 enim
515 2645 638 2731 aliquid
656 2646 757 2712 nimia
776 2646 953 2712 necessitas
973 2647 1083 2711 venire
1102 2645 1283 2731 compellit:
1307 2647 1390 2711 unde
1409 2648 1503 2730 quasi

226 2754 364 2818 miratur
387 2753 553 2818 hominem
576 2754 733 2819 rusticum
757 2754 897 2818 Romam
921 2755 1028 2819 videre
1051 2753 1205 2839 potuisse.

315 2861 367 2923 27.
404 2877 575 2925 blenarus
604 2883 695 2926 amor
725 2860 897 2926 libertatis.
944 2863 977 2925 et
1001 2861 1095 2925 aliter
1119 2859 1197 2925 dicit
1221 2883 1347 2945 servus,
1370 2861 1501 2926 liberta·

227 2971 294 3032 tem
317 2966 425 3051 cupio,
450 2967 545 3032 aliter
568 2967 742 3053 ingenuus:
765 2967 822 3031 ille
846 2968 932 3032 enim
956 2989 1065 3033 carere
1088 2968 1159 3032 vult
1183 2969 1349 3052 servitute,
1373 2966 1425 3032 hic
1449 2968 1502 3032 ha·

174 3091 208 3141 25
227 3075 304 3138 bere
327 3074 466 3138 liberam
489 3074 605 3160 vitam,
627 3097 687 3160 pro
712 3097 770 3140 suo
790 3075 914 3140 scilicet
933 3074 1070 3139 arbitrio
1089 3095 1200 3160 agere:
1225 3075 1309 3140 sicut
1327 3097 1412 3140 nunc
1426 3074 1504 3140 Ver·

229 3183 328 3268 gilius
357 3182 417 3246 sub
445 3204 585 3265 persona
608 3182 715 3266 Tityri
744 3181 822 3247 dicit
850 3205 884 3246 se
913 3205 1022 3247 amore
1048 3182 1212 3246 libertatis
1236 3181 1375 3246 Romam
1397 3184 1505 3246 venire

229 3290 447 3374 compulsum,
479 3292 512 3354 et
538 3289 616 3354 item
644 3289 784 3354 latenter
811 3289 916 3374 carpit
944 3292 1107 3374 tempora,
1140 3289 1257 3373 quibus
1281 3290 1417 3355 libertas
1440 3313 1506 3354 non

229 3396 292 3461 nisi
321 3397 357 3460 in
387 3398 467 3461 urbe
497 3397 602 3461 Roma
633 3399 712 3462 crat.
758 3401 816 3461 aut
845 3401 931 3462 certe
962 3397 1155 3482 simpliciter
1184 3397 1413 3481 intellegamus
1444 3396 1506 3460 hoc

229 3505 301 3569 loco
325 3504 474 3589 Tityrum
498 3504 582 3569 sicut
605 3508 772 3589 pastorem
795 3505 953 3570 locutum:
977 3527 1053 3568 nam
1079 3504 1198 3587 ubique
1222 3526 1296 3568 cum
1315 3501 1506 3566 Theocritus

177 3629 211 3676 30
231 3611 485 3675 mercennarium
517 3611 653 3696 inducit,
685 3612 763 3676 item
787 3611 968 3697 Vergilius,
1001 3614 1038 3675 ut
1061 3610 1130 3694 <IX
1154 3611 1219 3694 23>
1253 3610 1388 3693 Tityre
1422 3610 1507 3674 dum

229 3718 357 3802 rede0,
379 3718 507 3782 brevis
532 3721 590 3782 est
614 3719 687 3803 via,
711 3741 825 3803 pasce
848 3719 1031 3801 capellas.
1156 3736 1248 3796 QVAE
1272 3735 1360 3783 suun
1384 3734 1504 3780 TAMEN

230 3842 399 3890 Rsssrnxrr
424 3843 580 3890 Incursu
604 3826 760 3911 desidem,
783 3848 817 3891 se
839 3849 905 3891 non
928 3826 1152 3911 requirentem.
1186 3848 1263 3890 nam
1282 3826 1393 3908 culpat
1412 3847 1505 3888 suam

320 4078 336 4125 3
355 4072 454 4142 genus]
476 4072 507 4127 A.
527 4073 538 4125 l
559 4081 574 4128 6

233 4219 446 4229 --.--

321 4304 442 4358 lneseii
459 4304 487 4357 Α
522 4305 617 4360 nescio
636 4305 670 4358 Η
693 4307 702 4375 11
730 4288 875 4378 tauteml'
892 4307 921 4359 id
940 4309 984 4359 est
1002 4307 1029 4359 R
1055 4309 1065 4373 1
1092 4306 1275 4376 dagnorum]
1297 4307 1456 4376 Depellere:
1484 4323 1502 4358 a

231 4377 304 4431 lactc
323 4393 435 4430 movere
454 4377 518 4431 add.
537 4376 578 4443 R,
597 4377 636 4431 col.
652 4377 742 4444 Steplr.
757 4377 797 4445 118
815 4395 870 4445 quo
890 4378 961 4432 ΒΜ
970 4381 979 4448 11
994 4377 1097 4431 uiderit
1115 4376 1142 4430 R
1156 4380 1165 4446 11
1183 4384 1213 4430 10
1232 4379 1339 4449 autem]
1359 4378 1434 4432 enim
1454 4378 1486 4429 H
1497 4379 1506 4447 11

233 4455 266 4502 12
285 4448 354 4502 facit
374 4447 440 4500 PH
449 4449 458 4516 1
474 4452 507 4501 14
526 4447 652 4501 dicebam
671 4448 698 4502 R
712 4450 721 4516 11
734 4450 820 4520 nunc]
840 4468 905 4504 nam
924 4450 951 4503 n
969 4453 978 4518 11
998 4456 1030 4503 17
1050 4449 1210 4520 viburnum]
1229 4449 1384 4518 uirgultum
1404 4450 1468 4503 odd.
1488 4467 1509 4518 p

232 4522 263 4574 iu
281 4537 366 4589 mary.
392 4520 456 4586 fort.
475 4523 543 4573 recte
556 4519 565 4586 11
580 4520 634 4588 est]
655 4537 764 4588 semper
783 4521 874 4575 virens
889 4524 919 4576 et
936 4523 1027 4576 forma
1046 4523 1075 4575 et
1093 4536 1194 4590 genere
1213 4539 1230 4575 a
1249 4538 1379 4589 cupresso
1398 4521 1509 4574 remota

232 4593 296 4646 aad.
316 4593 426 4645 Daniel.
454 4592 488 4656 cf.
508 4591 588 4644 schol.
606 4591 691 4645 Rern.
705 4593 715 4658 11
730 4608 794 4644 nam
813 4610 958 4661 cupressus
977 4595 1081 4648 Daniel
1094 4596 1104 4660 11
1119 4598 1152 4647 18
1171 4593 1329 4647 aristotilen
1347 4592 1375 4644 A
1408 4591 1507 4646 aristo-

232 4663 312 4717 tilem
331 4663 358 4716 R
380 4661 544 4717 aristotelea
559 4662 662 4732 Μ1123
682 4663 722 4733 et]
742 4663 846 4717 etenim
864 4666 944 4731 palpo
958 4666 967 4732 11
981 4670 1016 4718 24
1035 4664 1095 4735 ille]
1115 4681 1211 4717 seruus
1226 4663 1253 4717 R
1267 4666 1276 4732 ΙΙ
1291 4664 1354 4789 hiep
1368 4662 1506 4731 ingenuus

233 4735 261 4788 R
274 4737 283 4804 11
297 4739 331 4788 27
349 4734 425 4787 idem
443 4735 471 4787 R
483 4735 493 4802 11
507 4733 599 4802 carpit
617 4750 651 4787 ea
668 4735 796 4802 tempora
813 4736 898 4806 culpo,
911 4739 920 4805 11
938 4743 972 4791 30
992 4738 1023 4790 ut
1041 4754 1091 4790 om.
1111 4735 1177 4790 RH
1182 4736 1219 4788 M
1239 4737 1249 4806 11
1271 4741 1304 4788 32
1324 4735 1333 4786 i
1373 4736 1417 4789 est
1435 4735 1508 4789 desi·

234 4807 298 4864 dem
318 4805 346 4861 a
360 4806 369 4875 11
383 4823 411 4859 se
430 4823 487 4862 uon
505 4805 705 4880 requirentem]
725 4806 771 4860 uel
790 4823 845 4861 non
864 4809 1004 4864 serentem
1022 4808 1049 4864 a
