3354 5430
229 381 272 446 20
569 374 576 385 '
806 376 927 435 saavn

227 546 313 610 lunt:
336 568 426 630 nam,
449 548 486 610 ut
509 546 608 610 etiam
631 544 758 610 Plinius
784 543 862 608 dicit
885 545 918 608 in
941 543 1085 608 naturali
1107 543 1262 627 historia,
1285 545 1408 607 omnis
1432 563 1506 607 me-

227 653 356 718 dicina
386 658 452 718 aut
483 676 503 717 a
532 652 729 718 contrario
762 654 828 715 aut
856 674 875 715 a
899 650 1022 715 simili
1046 651 1264 735 quaeritur:
1297 651 1381 715 unde
1405 650 1505 715 etiam

227 763 316 826 calor
342 764 451 845 potest
480 765 537 826 aut
563 760 687 846 frigore
717 762 782 823 aut·
798 758 863 822 alio
886 759 993 823 calore
1018 758 1144 843 depelli.
1189 758 1265 823 hinc
1289 762 1340 824 est
1364 757 1448 841 quod
1471 757 1505 820 in

227 867 343 933 ultima
367 869 494 953 ecloga,
524 890 598 933 cum
622 868 749 931 amator
772 865 947 930 remedium
973 869 1108 949 quaerat
1131 865 1251 949 ardori,
1282 866 1361 929 dicit
1384 886 1418 929 se
1441 864 1505 927 itu-

191 991 298 1039 erum
322 978 379 1039 aut
403 974 444 1039 ad
468 973 638 1059 Scythiam
661 977 718 1038 aut
742 973 783 1037 ad
806 971 1030 1058 Aethiopiam,
1054 975 1091 1036 ut
1109 971 1161 1056 <X
1180 972 1245 1055 68>
1270 970 1503 1054 Aethiopum

226 1103 421 1146 versemus
454 1104 543 1146 oves
579 1081 647 1147 sub
680 1081 807 1146 sidere
837 1081 978 1145 cancri.
1025 1101 1102 1144 sane
1130 1079 1293 1164 serpyllus
1322 1079 1422 1143 herba
1445 1081 1505 1160 est,

226 1211 325 1272 quam
348 1187 465 1254 Graeci
487 1188 659 1272 herpyllon
683 1187 807 1252 dicunt:
836 1187 871 1252 in
893 1188 1006 1253 multis
1030 1188 1116 1251 enim
1140 1186 1340 1268 nominibus,
1364 1207 1446 1269 quae
1470 1186 1504 1248 in

226 1294 351 1361 Graeco
376 1296 611 1379 aspirationem
635 1295 771 1378 hahent,
794 1316 854 1359 nos
877 1316 936 1378 pro
961 1292 1158 1380 aspiratione
1178 1291 1217 1356 ‘s'
1240 1293 1407 1378 ponimus:
1430 1292 1504 1356 inde

226 1406 276 1466 est
299 1424 358 1487 pro
382 1402 531 1486 herpyllo
555 1398 775 1486 ‘serpyllum',
800 1423 857 1484 pro
881 1401 944 1465 hex
967 1398 1068 1484 ‘sex',
1092 1422 1151 1485 pro
1174 1398 1274 1483 hepta
1297 1397 1458 1484 ‘septem'.

173 1527 358 1576 10RAP1D0
393 1527 504 1575 Ansrv
536 1508 735 1592 vehementi,
765 1507 913 1573 ferventi.
961 1506 1094 1572 ‘fessis'
1122 1511 1232 1573 autem
1255 1507 1307 1573 vel
1337 1510 1431 1571 aestu
1453 1507 1505 1571 vel

225 1617 348 1682 labore.

315 1725 365 1789 12.
402 1742 447 1789 nr
470 1741 595 1789 nsovn
617 1740 742 1790 navers
767 1743 798 1787 r.
821 1743 854 1788 o.
877 1742 909 1788 v.
933 1740 965 1787 a.
988 1720 1063 1787 ‘ad'
1089 1722 1117 1785 si
1139 1744 1198 1807 per
1221 1720 1273 1786 ‘d'
1297 1721 1408 1805 fuerit,
1440 1720 1503 1785 erit

224 1830 447 1916 hyperbaton,
479 1836 516 1896 ut
544 1832 587 1896 sit
611 1829 701 1895 ‘dum
726 1836 783 1896 tua
806 1832 910 1895 lustro
934 1829 1090 1915 vestigia,
1123 1829 1238 1893 adme
1262 1829 1396 1894 arbusta
1417 1848 1504 1892 reso·

226 1940 308 2001 nant
330 1959 403 2002 cum
427 1940 531 2003 raucis
556 1935 700 2003 cicadis'.
743 1937 799 2001 sed
822 1937 937 2001 melius
961 1939 1025 2020 est,
1049 1941 1085 2000 ut
1109 1935 1167 2000 ‘at'
1192 1936 1378 2001 coniunctio
1402 1937 1446 2000 sit
1469 1939 1502 1999 et

173 2062 205 2111 15
224 2045 273 2109 ita
296 2043 539 2128 intellegamus:
567 2046 733 2129 Thestylis
757 2043 876 2110 herbas
899 2044 996 2109 tritas
1020 2043 1218 2108 messoribus
1242 2047 1367 2129 portat,
1390 2064 1501 2108 verum

224 2173 351 2215 mecum
373 2155 529 2217 resonant
553 2154 685 2217 arbusta
709 2175 728 2216 a
751 2153 858 2217 raucis
883 2151 1010 2216 cicadis.

136 2243 139 2250 ’
314 2261 363 2323 14.
387 2277 521 2326 rrusms
544 2277 785 2325 anaarnnrurs
809 2279 830 2324 1,
854 2257 1084 2323 beneaddidit
1098 2256 1243 2322 ‘tristes'
1259 2294 1291 2302 -
1312 2259 1502 2342 plerumque

224 2366 320 2450 enim,
335 2370 372 2430 ut
387 2367 433 2431 ait
446 2366 626 2451 Terentius,
646 2368 856 2432 amantium
880 2366 961 2431 irae
986 2365 1128 2430 amoris
1147 2365 1365 2450 integratio
1387 2368 1502 2448 est-,
1580 2428 1595 2444 ,

223 2475 261 2536 ut
283 2494 392 2536 veram
421 2473 504 2537 iram
533 2474 731 2558 ostenderet,
763 2496 830 2539 non
853 2474 963 2538 fictam
986 2474 1091 2556 illam,
1124 2494 1206 2556 quae
1230 2471 1353 2557 aliquid
1376 2472 1501 2557 gratiae

170 2598 205 2669 20
222 2578 342 2643 habere
367 2580 547 2645 consuevit:
571 2581 656 2644 unde
679 2578 837 2645 Horatius
861 2579 940 2643 urit
964 2583 1078 2665 grata
1100 2579 1350 2664 protervitas.

314 2687 365 2752 15.
403 2705 559 2752 svesana
581 2705 744 2753 rismum
768 2710 807 2751 ex
829 2687 964 2752 fastidio
989 2687 1073 2752 enim
1098 2685 1188 2749 venit
1212 2685 1317 2750 omnis
1341 2685 1502 2770 superbia.

223 2811 344 2859 nonus
367 2811 562 2859 nudandam
580 2799 648 2859 tres
668 2794 785 2860 dicitur
805 2816 930 2859 amasse
940 2793 1120 2878 Vergilius,
1144 2791 1383 2876 Alexandrum,
1407 2815 1501 2878 quem

223 2900 357 2964 donavit
384 2901 413 2964 ei
441 2900 561 2984 Pollio,
594 2905 627 2965 et
655 2899 809 2966 (lebetem
838 2923 973 2984 puerum
1001 2922 1073 2965 cum
1097 2899 1193 2965 Leria
1222 2901 1344 2985 puella,
1378 2922 1458 2983 quos
1483 2921 1503 2962 a

222 3006 408 3072 Maecenate
432 3007 549 3073 dicitur
572 3010 748 3093 accepisse:
785 3007 868 3072 unde
891 3009 1006 3073 volunt
1035 3007 1182 3093 quidam,
1217 3030 1275 3093 per
1299 3006 1503 3091 Amaryllida

172 3132 206 3181 25
226 3114 367 3198 Leriam,
390 3137 448 3199 per
470 3114 651 3180 Menalcam
675 3113 827 3180 (lebetem
851 3115 1009 3198 intellegi.

313 3223 363 3287 17.
399 3237 421 3286 0
445 3240 605 3288 Formosa
630 3240 722 3286 Pvua
745 3222 826 3286 bene
850 3222 929 3286 dicit
953 3221 1100 3287 Donatus
1124 3222 1386 3307 suspendendum
1401 3219 1445 3287 ‘o’
1469 3227 1501 3286 et

224 3329 270 3392 sic
293 3327 462 3393 dicendum
487 3327 643 3395 ‘formose
667 3327 773 3414 puer',
805 3334 841 3394 ut
869 3329 1098 3416 intellegamus
1127 3352 1185 3416 per
1209 3329 1292 3394 iram
1316 3353 1389 3394 eum
1413 3329 1500 3394 aliud

224 3456 243 3462 -.
254 3457 257 3460 .
267 3455 436 3463 »σω-ι*

313 3522 377 3576 7111
394 3523 492 3577 multis
511 3523 585 3578 enim
603 3522 948 3595 nominibus...septem]
968 3541 1055 3579 exscr.
1076 3524 1141 3579 Isid.
1161 3524 1333 3591 or.1113,3
1360 3525 1370 3593 ΙΙ
1398 3529 1431 3578 18
1449 3522 1500 3577 Tc·

222 3594 340 3664 tentius]
360 3594 446 3649 Andr.
465 3593 505 3647 111
524 3597 671 3665 11231120
691 3595 838 3666 Horatius]
860 3611 943 3650 carm.
963 3594 977 3648 Ι
997 3603 1038 3663 19,
1054 3602 1069 3650 7

312 3778 327 3825 3
347 3773 446 3842 repelli
464 3773 492 3826 P
511 3775 521 3843 l
543 3779 561 3826 4
579 3774 682 3844 egloga
699 3775 739 3828 vel
758 3773 878 3842 aegloga
895 3775 962 3828 iibri
984 3775 993 3844 ll
1022 3774 1133 3843 quaerit
1149 3775 1253 3845 selpoli
1267 3775 1368 3829 iterum
1387 3773 1448 3827 PR
1461 3776 1500 3843 116

224 3843 329 3915 cancri]
356 3861 475 3913 quarum
497 3844 643 3914 regionum
661 3845 752 3899 altera
770 3845 814 3899 est
831 3844 1014 3914 frigidissima
1031 3845 1121 3900 altera
1138 3846 1250 3900 feruens
1269 3846 1361 3900 calore
1380 3846 1443 3899 add.
1464 3845 1501 3910 a,

222 3917 263 3972 ed.
282 3915 372 3986 Siepi.
387 3919 397 3987 ΙΙ
411 3915 541 3986 serpillus
561 3915 632 3970 ΒΜ
667 3915 817 3986 serpyllum
835 3919 915 3986 culpo
929 3918 938 3987 il
950 3917 1038 3971 herba
1056 3917 1112 3988 est]
1131 3935 1203 3987 quae
1221 3916 1251 3971 in
1271 3915 1376 3972 Graeco
1395 3917 1499 3986 aspira·

225 3988 331 4042 tionem
350 3987 436 4042 habet
454 3989 518 4042 add.
537 3989 618 4059 palpo
631 3991 670 4057 ni
690 3985 817 4057 erpyllon
835 3989 899 4043 ΑΗ
927 3990 1035 4058 erpilon
1057 3988 1085 4042 P
1110 3987 1251 4058 herpillon
1269 3988 1296 4042 R
1324 3989 1443 4057 erpillon
1464 3989 1501 4042 M

222 4059 370 4128 herpyllon
390 4062 461 4129 11118
480 4059 698 4128 adspirationem
717 4060 769 4128 Py
788 4058 995 4128 adaspiratione
1014 4061 1043 4115 P
1076 4060 1260 4130 asspirationo
1280 4060 1318 4113 M
1340 4062 1350 4130 li
1372 4059 1436 4113 inde
1456 4062 1500 4113 est

222 4130 301 4198 quod
319 4132 399 4199 culpo
413 4131 452 4198 [19
471 4129 601 4200 herpyllo
620 4132 658 4186 P:
677 4131 784 4200 erpyllo
803 4132 871 4186 ΑΗ
903 4130 1024 4201 herpillo
1043 4131 1114 4185 ΒΜ
1135 4133 1144 4200 ll
1167 4132 1311 4201 serpillum
1330 4131 1392 4184 AR
1413 4132 1423 4200 ss
1445 4133 1499 4186 hex

221 4201 249 4255 a
264 4202 312 4254 M:
332 4218 366 4255 ex
383 4202 445 4255 ΑΡ
456 4261 459 4265 Α
475 4202 524 4268 Ρεξ
543 4202 578 4256 Η
587 4202 597 4271 ΙΙ
610 4204 697 4271 hepta
715 4201 832 4256 RHM:
852 4205 918 4272 epta
936 4203 998 4256 ΑΡ
1014 4204 1023 4272 ΙΙ
1044 4210 1076 4256 14
1095 4202 1211 4274 cicadis]
1230 4203 1260 4257 id
1279 4206 1320 4257 est
1338 4202 1404 4255 dum
1424 4220 1497 4257 amo-

221 4272 260 4326 n's
278 4271 446 4342 inpatientia
464 4273 494 4326 in
514 4272 593 4328 siluis
612 4273 657 4327 uel
677 4289 747 4328 cano
766 4274 814 4327 uel
832 4290 987 4343 conqueror
1005 4275 1068 4329 add.
1090 4273 1118 4327 R
1131 4276 1140 4344 ΙΙ
1156 4280 1188 4329 15
1207 4274 1309 4329 testilis
1327 4275 1388 4329 AR
1409 4277 1418 4344 ll
1436 4291 1497 4343 por-

221 4344 276 4416 tat]
295 4348 377 4413 parat
395 4346 506 4413 exempl.
524 4347 604 4414 impr.
619 4346 750 4414 pleraque
772 4346 782 4413 ΙΙ
802 4353 834 4401 16
853 4345 881 4416 a]
904 4362 967 4400 cum
982 4347 1065 4417 palpo
1082 4346 1091 4414 ΙΙ
1112 4352 1144 4400 17
1163 4365 1262 4400 rarsrrs
1281 4346 1317 4400 P:
1336 4363 1498 4400 1111111112-

221 4416 292 4485 liqui
304 4417 314 4485 ΙΙ
327 4416 408 4470 addit
421 4416 507 4485 PMss
522 4422 555 4470 18
574 4416 616 4469 ira
625 4418 652 4469 Α
666 4417 676 4485 ΙΙ
690 4416 890 4486 redintegratio
902 4418 939 4470 M
950 4418 960 4486 ΙΙ
975 4423 1008 4471 19
1027 4416 1147 4488 aliquid]
1168 4417 1245 4471 aliud
1254 4418 1282 4470 A
1295 4421 1305 4487 ΙΙ
1319 4423 1353 4472 20
1372 4419 1498 4486 propter·

221 4488 295 4542 uitas
316 4488 344 4541 P
356 4490 365 4558 ss
380 4494 413 4542 22
432 4506 572 4542 numeni
591 4488 626 4542 H
641 4488 694 4557 123
713 4486 807 4559 Leria]
827 4489 862 4555 cf.
876 4488 1020 4543 Ribbeclrii
1033 4490 1105 4557 proi.
1121 4506 1151 4558 p.
1168 4494 1217 4543 101
1238 4496 1263 4544 ei
1281 4507 1351 4559 quae
1364 4490 1499 4558 Hapeoas

221 4576 266 4628 ap.
285 4559 366 4614 Ribb.
381 4561 473 4630 praef.
489 4560 561 4628 prol.
577 4577 606 4628 p.
679 4560 832 4628 disputavit
844 4561 854 4629 ΙΙ
873 4566 907 4613 24
925 4559 1121 4628 amaryllidcm
1138 4560 1246 4630 111125
1265 4562 1303 4616 ad
1320 4579 1344 4616 v.
1361 4566 1393 4614 16
1413 4578 1498 4619 cvru-

221 4649 264 4684 vrs
287 4650 345 4685 mas
368 4650 450 4686 mora
473 4648 498 4690 o.
517 4649 539 4682 r.
559 4651 581 4686 c.
601 4651 625 4684 a.
655 4629 722 4698 quia
745 4627 846 4685 Caesar
869 4631 1020 4695 Romanos,
1049 4632 1187 4686 Antonius
1210 4632 1367 4701 Aegyptios
1390 4631 1497 4697 habuit,

220 4701 358 4756 Antonius
384 4703 465 4771 niger
491 4700 595 4755 dicitur
620 4705 734 4771 propter
753 4703 919 4772 Aegyptios,
946 4721 1015 4772 quos
1033 4702 1134 4757 habuit
1158 4705 1246 4759 edidit
1263 4704 1423 4758 Massicias.
1462 4704 1497 4771 cf.

220 4773 300 4826 schol.
318 4773 403 4829 Rern.
418 4776 427 4843 11
442 4780 476 4829 27
491 4772 534 4846 ut]
553 4774 600 4827 uel
619 4774 651 4826 ut
669 4773 704 4827 H
706 4772 735 4827 R
748 4775 757 4844 ΙΙ
776 4791 825 4843 per
843 4775 925 4843 iram]
945 4792 994 4844 per
1012 4775 1132 4830 ironiam
1150 4775 1255 4830 Daniel
1273 4777 1282 4845 il
1301 4774 1390 4844 aliud]
1410 4773 1498 4828 alium

221 4859 284 4898 eum
303 4844 331 4898 P
346 4845 435 4914 (aliud
454 4861 518 4900 eum
532 4846 565 4914 p)
