3354 5430
248 341 310 407 138
820 342 940 398 SERVII

334 507 386 573 23.
423 524 519 573 sams
552 507 732 592 segetibus,
764 505 972 589 ue<1325>
1001 508 1087 570 sata
1114 506 1220 570 laeta
1247 505 1438 589 boumque
1465 505 1522 570 la·

246 615 372 680 bores.
397 613 505 697 ‘arao’
529 619 631 678 antem
654 612 746 679 ‘caeto
769 615 927 679 demittitis
949 611 1092 678 imbrem'
1110 634 1170 697 per
1191 613 1264 678 leaeo
1286 633 1402 695 aquom
1424 612 1524 678 oethe-

245 723 328 786 riam
350 722 523 805 stpatfieort
544 722 615 787 vult.

334 829 386 892 24.
423 846 539 906 rvovn
572 846 666 893 aoso
699 846 795 906 oven
827 845 902 893 uox
933 845 1026 905 ovas
1057 845 1135 892 srur
1166 821 1343 891 nasrrvim
1373 844 1524 893 nuonvu

210 952 409 1001 eoeneum
433 953 613 1000 rucnurvu
636 953 699 1001 aar
728 933 830 1000 ‘adeo'
853 935 903 1000 hic
924 936 1099 1017 praeapte.
1143 935 1271 1015 quidam
1294 932 1401 999 ‘adeo'
1424 935 1523 1000 adua

244 1044 319 1107 dore
334 1048 451 1126 potant
474 1047 606 1125 antiquo
626 1044 742 1126 fiparo,
764 1047 800 1106 at
822 1041 895 1125 <Ill
913 1042 1001 1125 242)
1025 1061 1127 1106 omne
1149 1042 1237 1105 odeo
1256 1061 1372 1123 peaes
1394 1041 1434 1106 in
1456 1045 1525 1107 ter-

244 1151 306 1215 ris.
352 1155 381 1214 et
409 1150 475 1214 iam
506 1150 658 1215 adulatur
689 1150 888 1232 Augustum,
922 1170 1016 1232 quem
1046 1148 1132 1212 inter
1163 1148 1239 1212 deos
1268 1146 1409 1214 invocat.
1462 1169 1524 1213 neo

245 1260 350 1320 totum
383 1261 493 1321 tamen
524 1256 664 1322 dandum
698 1260 748 1321 est
781 1255 974 1338 adulationi,
1007 1255 1063 1320 sed
1097 1259 1130 1319 et
1159 1253 1305 1319 veritati:
1341 1275 1418 1319 nem
1447 1277 1522 1320 oum

245 1385 357 1428 omnes
385 1364 598 1447 imperatores
628 1366 703 1446 post
732 1367 870 1427 mortem
900 1362 965 1426 sint
993 1363 1078 1427 inter
1107 1362 1184 1426 deos
1208 1360 1318 1445 relati,
1351 1360 1523 1447 Augustus

195 1487 227 1535 10
247 1472 338 1535 vivus
363 1470 487 1535 divinos
508 1471 648 1535 honores
669 1469 821 1555 emeruit,
845 1468 1047 1554 quodetiam
1061 1467 1219 1532 Horatius
1238 1471 1389 1552 testetur,
1412 1467 1523 1534 dicens

244 1577 444 1662 praesenti
484 1577 565 1640 tibi
608 1581 779 1641 maturos
820 1577 1010 1660 largimur
1051 1576 1218 1640 honores
1259 1574 1524 1659 iurandasque

246 1666 351 1748 tuum
388 1706 454 1768 per
490 1706 629 1749 numen
664 1683 840 1768 ponimus
877 1704 973 1748 aras.
1019 1683 1103 1747 unde
1126 1682 1211 1746 male
1234 1681 1364 1766 quidam
1388 1681 1524 1767 culpant

245 1790 439 1875 Vergilium,
464 1791 605 1855 dicentes
630 1812 703 1854 eum
724 1790 877 1855 aviditate
896 1789 1048 1854 laudandi
1067 1790 1167 1855 eitum
1186 1788 1354 1853 interitum
1371 1788 1523 1874 Augusto

246 1902 389 1983 optasse,
421 1921 494 1963 oum
527 1920 600 1962 eum
630 1902 758 1963 constet
787 1898 827 1962 ad
858 1920 940 1981 rem,
973 1905 1055 1981 quae
1084 1902 1161 1961 tune
1189 1896 1301 1979 fiebat,
1333 1897 1532 1980 respexisse.-

174 2011 227 2070 ’15
248 2027 419 2087 possumus
443 2008 553 2069 tamen
576 2003 683 2070 ‘mox'
706 2027 766 2089 pro
791 2002 898 2088 ‘post'
922 2003 1080 2088 accipere,
1108 2007 1146 2068 ut
1168 2002 1327 2068 Horatius
1351 2025 1436 2067 mox
1459 2002 1524 2067 da·

245 2116 355 2176 turos
384 2113 607 2197 progeniem
636 2111 897 2194 vitiosiorem,
925 2111 959 2175 id
983 2115 1032 2176 est
1056 2115 1176 2195 postea.
1224 2114 1333 2194 potest
1356 2113 1390 2175 et
1412 2109 1522 2175 ‘mox'

246 2219 286 2284 ad
310 2220 395 2283 vitae
419 2219 577 2283 humanae
600 2218 795 2283 brevitatem
819 2217 946 2285 referri:
970 2240 1045 2282 nam
1064 2217 1134 2303 ipse
1153 2218 1202 2282 ait
1219 2218 1252 2281 in
1272 2217 1395 2282 decimo
1412 2217 1522 2301 <861>

246 2325 402 2390 Rhaebe
433 2325 510 2409 diu,
542 2348 602 2390 res
633 2326 745 2410 siqua
776 2325 839 2390 diu
866 2325 1099 2390 mortalibus
1127 2325 1208 2390 ulla
1239 2327 1312 2408 est,
1346 2323 1524 2389 viximus.

247 2456 324 2498 sane
349 2434 513 2498 sciendum
537 2434 617 2498 mire
642 2456 714 2498 eum
739 2432 902 2517 laudasse,
932 2431 1016 2515 quod
1040 2433 1087 2496 ait
1110 2431 1223 2517 ‘quem
1248 2453 1323 2496 mox
1347 2453 1428 2516 quae
1455 2431 1523 2496 sint

193 2559 226 2607 20
246 2541 400 2605 habitura
430 2541 562 2605 deorum
593 2541 742 2624 eoncilia,
776 2540 935 2604 incertum
967 2539 1042 2623 est',
1073 2539 1107 2602 id
1138 2543 1188 2603 est
1216 2539 1360 2603 nondum
1391 2537 1523 2622 seimus,

247 2647 318 2733 quis
347 2647 425 2712 deus
454 2669 524 2712 esse
554 2647 647 2712 velis:
684 2670 760 2712 nam
789 2646 884 2710 deum
911 2645 983 2710 fieri
1005 2647 1181 2710 maximum
1205 2650 1269 2730 est,
1301 2646 1336 2709 in
1358 2648 1522 2731 potestate

245 2755 378 2838 habere,
402 2754 473 2838 quis
498 2754 576 2818 deus
599 2755 680 2818 velis
704 2753 789 2835 fieri,
813 2753 887 2837 plus
911 2775 1101 2837 essequam
1126 2752 1302 2818 maximum
1326 2757 1462 2818 constat.

335 2861 387 2924 25.
416 2877 563 2925 verusne
584 2877 745 2925 newsum:
765 2876 898 2925 CAESAR
921 2864 1029 2924 utrum
1048 2859 1131 2924 velis
1154 2865 1330 2939 terrarum,
1354 2881 1396 2923 an
1414 2858 1523 2942 maris,

247 2990 289 3032 an
314 2967 394 3032 caeli
417 2967 587 3051 imperium
612 2967 786 3051 possidere.

193 3093 226 3141 25
334 3075 385 3138 26.
422 3096 464 3137 ar
485 3097 526 3137 rr
547 3095 701 3138 MAXIMVS
724 3096 819 3139 sams
839 3079 982 3139 utrumne
1005 3078 1109 3156 tepro
1131 3073 1206 3138 Iove
1226 3073 1284 3138 ooli
1306 3073 1388 3138 velis.

335 3183 386 3247 27.
424 3203 596 3246 aaronem
617 3205 750 3247 savem
769 3183 823 3264 qui
839 3181 982 3263 fruqibus
1000 3186 1028 3245 et
1045 3181 1148 3246 ceteris
1165 3180 1254 3246 rebar
1270 3181 1420 3263 5219111511
1432 3200 1523 3262 prae

245 3293 312 3353 stes.
395 3306 723 3366 raurnsrnuvuovu
748 3289 939 3354 Poenarum
963 3292 1019 3351 aut
1042 3287 1200 3352 bonarum
1224 3290 1464 3371 tempestatum,
1487 3290 1524 3352 ut

246 3396 345 3460 unde
367 3396 461 3461 haec
484 3400 562 3460 tam
586 3397 692 3460 elara
715 3399 874 3481 repente
897 3394 1134 3478 tempestas?
1181 3397 1239 3458 aut
1263 3392 1523 3478 ‘tempestatum'

247 3503 294 3567 ait
316 3509 513 3588 temporum,
538 3503 621 3568 sieut
643 3503 763 3587 ubique
788 3501 962 3567 Sallustius
985 3522 1027 3566 eo
1050 3505 1269 3586 tempestate.
1301 3506 1332 3566 et
1354 3499 1523 3583 ‘potum'

194 3613 334 3677 eomodo
356 3631 467 3676 nomen
490 3614 539 3675 est.

336 3829 351 3877 5
371 3821 598 3893 adeo...terris]
619 3821 653 3877 ef.
673 3822 744 3877 Don.
763 3821 800 3875 ad
820 3822 881 3874 Ter.
900 3819 969 3875 Eun.
988 3819 1001 3873 I
1020 3827 1113 3890 2,124
1140 3823 1150 3888 ΙΙ
1177 3824 1211 3872 10
1230 3819 1377 3891 Horatius]
1396 3817 1479 3889 epist.
1498 3818 1524 3872 II

248 3898 392 4033 baffi&
412 3893 556 3965 Horatius]
576 3911 661 3948 earm.
679 3893 720 3946 Ill
739 3899 763 3961 6,
780 3899 813 3947 47
827 3893 836 4009 l]
851 3898 885 3947 28
905 3891 990 3964 unde]
1009 3892 1041 3945 A.
1061 3893 1099 3946 IX
1119 3897 1152 3946 19
1167 3894 1176 3962 ΙΙ
1198 3897 1231 3945 29
1252 3889 1415 3963 Sallustius]
1435 3889 1524 3946 veluti

1234 4095 1251 4130 l

336 4169 352 4215 2
367 4161 522 4217 aetheriam
536 4162 572 4216 F.
581 4161 698 4216 Schoell:
713 4164 742 4216 et
756 4163 860 4214 terram
869 4161 917 4230 L]
932 4166 947 4214 5
961 4160 1123 4214 habundare
1134 4159 1160 4212 L
1172 4161 1182 4227 u
1196 4163 1211 4212 7
1227 4158 1359 4213 adulatur
1373 4160 1523 4229 augustum

248 4234 294 4288 M:
314 4233 444 4288 adoletur
463 4237 613 4303 augustum
633 4233 659 4287 V
680 4232 777 4287 adulat
796 4233 944 4300 augustum
964 4232 1032 4286 ΑΗ
1057 4230 1188 4285 adulatur
1206 4232 1325 4300 augusto
1345 4231 1373 4283 P
1398 4229 1523 4285 adulatio

248 4305 287 4359 ad
307 4308 456 4373 augustum
476 4306 502 4358 L
516 4306 525 4373 1
539 4305 664 4360 invocat.
677 4303 830 4361 ..dandum
849 4304 892 4356 est
910 4320 959 4358 om.
979 4304 1004 4356 L
1024 4305 1066 4372 (ia
1083 4303 1231 4370 maratus.
1251 4303 1314 4356 add.
1335 4302 1408 4371 1118
1428 4304 1456 4356 et
1474 4319 1524 4357 om.

246 4377 281 4430 H
300 4378 309 4445 ΙΙ
335 4383 368 4430 10
387 4376 467 4429 diuos
486 4376 514 4430 P
534 4378 543 4446 ΙΙ
567 4377 668 4430 meruit
686 4375 753 4429 ΑΗ
763 4378 772 4443 ΙΙ
788 4381 819 4428 11
839 4374 979 4443 praesenti
998 4374 1063 4444 tibi]
1083 4372 1280 4443 praesentibus
1298 4373 1352 4442 H]
1368 4377 1400 4425 12
1420 4390 1523 4428 numen

247 4449 323 4502 LH:
344 4464 446 4502 nomen
464 4447 525 4501 ΑΡ
533 4447 599 4500 VM
610 4447 619 4516 ΙΙ
640 4452 672 4502 13
692 4446 840 4514 uergilium
860 4447 885 4498 L
907 4448 916 4516 ]
940 4452 974 4499 14
993 4446 1119 4516 optasse]
1140 4462 1202 4498 enm
1221 4442 1291 4498 dicit
1309 4461 1373 4498 mox
1391 4446 1455 4499 odd.
1474 4444 1503 4499 11
1515 4443 1525 4515 11

247 4537 322 4574 eum.
335 4564 341 4575 .
352 4519 532 4590 respexisse]
554 4535 616 4572 eum
632 4520 668 4573 ad
683 4535 742 4573 rem
756 4534 828 4587 quae
843 4521 909 4571 tuno
923 4517 1010 4571 fiebat
1024 4517 1177 4587 respexerit
1186 4514 1213 4567 L
1227 4517 1237 4585 ΙΙ
1250 4516 1285 4569 ad
1299 4532 1349 4571 om.
1361 4515 1456 4570 LVM
1464 4517 1474 4584 ΙΙ
1490 4523 1522 4570 15

248 4592 348 4645 datura
367 4593 392 4644 L
406 4593 415 4661 ΙΙ
431 4596 463 4644 16
482 4591 558 4661 mox]
578 4589 675 4644 statim
695 4591 758 4645 aad.
777 4590 802 4642 L
816 4592 826 4659 11
841 4594 873 4645 18
892 4588 976 4643 roebe
994 4588 1058 4642 ΑΡ
1083 4587 1187 4642 rhoebe
1206 4587 1241 4641 H
1265 4588 1331 4641 rebe
1349 4587 1424 4640 LM
1458 4603 1524 4642 reue

254 4662 299 4730 V]
313 4668 346 4715 21
367 4665 415 4730 qui
434 4663 500 4716 deus
519 4661 546 4714 L
560 4662 569 4730 11
583 4661 612 4714 in
630 4663 771 4731 potestate
791 4664 884 4715 autem
904 4662 1007 4715 habere
1026 4661 1106 4729 oulyo
1129 4660 1138 4728 ΙΙ
1162 4664 1195 4712 22
1216 4659 1263 4727 qui
1283 4657 1351 4712 deus
1372 4658 1438 4712 PH
1457 4658 1467 4728 ΙΙ
1489 4663 1524 4712 23

247 4751 365 4787 vnuassn
384 4735 409 4787 L
427 4737 436 4804 ΙΙ
454 4733 561 4804 utrum]
580 4733 699 4787 tradidit
717 4735 810 4787 utrum
829 4732 856 4785 L
870 4733 879 4801 ΙΙ
897 4738 932 4786 24
950 4731 1105 4856 possidere]
1123 4747 1262 4808 svcroaau
1280 4751 1304 4783 r.
1324 4729 1353 4783 id
1372 4731 1417 4784 est
1436 4730 1525 4784 caele-

248 4807 319 4858 stem
338 4806 421 4859 deum
439 4806 503 4861 odd.
522 4805 549 4859 It
563 4808 572 4876 ]
587 4810 620 4858 25
641 4823 722 4859 ossas
740 4803 767 4858 L
780 4805 791 4874 1
804 4810 839 4858 28
857 4805 1057 4873 tempestatem
1114 4802 1124 4872 11
1137 4806 1172 4855 29
1191 4817 1224 4854 ea
1237 4805 1332 4857 ...est
1350 4817 1401 4856 em.
1420 4799 1526 4857 Daniel
