3354 5430
226 336 269 398 ’18
800 330 919 384 snauh

224 500 261 561 ale
282 499 346 561 vico
369 497 528 576 Boeotiae,
556 515 649 577 quem
674 492 824 556 dicuntur
848 515 958 557 musae
976 499 1150 576 pascentem
1168 515 1274 576 pocus,
1306 499 1438 579 raptum
1462 495 1502 559 de

225 608 335 668 monte
364 602 507 666 Parnaso
536 604 665 683 poetam
694 600 809 664 fecisse
838 622 970 664 munere
997 601 1204 666 calamorum.
1255 603 1307 667 cui
1333 603 1427 667 ellam
1454 602 1503 666 bis

218 711 388 791 pueritiam
410 710 446 772 ale
467 711 613 772 senectute
631 708 820 788 praestitisse
842 708 995 786 (licuntur,
1017 709 1084 773 ideo
1106 709 1154 773 ait
1176 707 1263 790 ‘quos
1284 713 1356 773 aute
1377 706 1469 773 scui'.

314 816 363 879 72.
402 831 532 878 casnm
559 830 711 878 nnnoms
739 831 891 878 nicnnvn
919 830 1026 879 onioo
1055 811 1220 897 Gryneum
1252 836 1366 878 nemus
1395 814 1503 877 estin

187 923 343 989 ofinibus
370 921 484 999 Ioniis,
519 920 664 1003 Apollini
696 941 717 983 a
746 918 855 1004 Gryuo
881 921 948 1001 filio
975 925 1213 985 consecratum:
1250 922 1296 986 ael
1322 944 1343 986 a
1372 919 1503 1004 Gryuio,

223 1031 359 1093 Moesiae
382 1029 510 1109 civimte,
533 1027 586 1090 ubi
607 1032 651 1091 est
673 1027 754 1092 louis
776 1027 937 1092 arboribus
959 1028 1067 1092 multis
1092 1029 1259 1111 iracundus,
1283 1028 1428 1110 yramiue
1445 1027 1500 1108 flo-

222 1136 365 1216 ribusque
386 1135 484 1199 uariis
507 1135 593 1197 omui
616 1139 746 1217 tempore
767 1136 907 1218 uestitus,
932 1135 1095 1199 acimaas
1117 1136 1212 1199 etiam
1232 1134 1378 1214 fontibus.
1424 1154 1503 1215 auae

222 1243 330 1306 eioitas
352 1262 461 1305 nomeu
484 1241 599 1322 occepit
620 1262 641 1305 a
660 1240 781 1325 Gryno,
804 1242 960 1324 Eurypyli
981 1242 1057 1324 filio,
1079 1242 1134 1323 qui
1155 1242 1297 1323 reyuaait
1318 1243 1354 1306 iu
1367 1239 1501 1318 Moesia,

222 1351 277 1432 qui
299 1352 444 1414 adausus
460 1348 612 1412 Troianos
627 1347 754 1414 Graecis
776 1349 931 1413 auailium
950 1348 1037 1412 tulit:
1060 1348 1246 1431 Eurypylus
1263 1368 1398 1430 uamyue
1415 1349 1503 1430 filius

174 1475 203 1522 to
226 1455 362 1538 Telephi,
391 1455 536 1520 Herculis
558 1460 587 1519 et
608 1457 713 1538 Auyes
733 1456 808 1539 ulti,
834 1477 871 1520 erc
893 1454 1056 1538 Astyoche,
1083 1456 1301 1522 Laomedontis
1322 1456 1408 1539 filia,
1429 1456 1503 1538 fuit,

223 1564 278 1644 qui
300 1561 444 1655 Grynum
462 1564 643 1642 procreavit.
688 1564 717 1627 is
739 1584 808 1626 eum
825 1564 929 1645 patris
951 1567 1123 1645 occupasset
1144 1564 1310 1645 imperium
1333 1568 1362 1627 et
1382 1563 1458 1628 bello
1480 1583 1503 1626 a

223 1670 368 1750 piuitimis
396 1673 603 1753 temptaretur,
633 1669 832 1752 Pcryamum,
862 1670 1052 1752 Neoptolemi
1080 1675 1110 1734 et
1130 1669 1363 1735 Audromacbcs
1389 1670 1502 1751 filium,

223 1777 267 1839 orl
287 1775 443 1839 currilium
472 1778 508 1840 de
530 1774 632 1860 Epiro
648 1778 843 1860 prouocauit:
873 1798 894 1840 a
916 1797 974 1857 quo
997 1777 1151 1856 defensus,
1184 1776 1279 1841 rrictor
1305 1778 1385 1842 duas
1411 1777 1503 1842 urbas

224 1883 370 1964 emutuit,
398 1902 495 1946 uuam
518 1881 704 1965 Peryamum
731 1883 767 1946 de
793 1883 917 1948 uomiue
939 1882 1098 1966 Peryami‚
1126 1883 1258 1948 alteram
1282 1882 1441 1966 Grynium
1463 1904 1502 1948 ea

173 2006 205 2053 15
225 2007 366 2069 respousa
389 1989 556 2070 Apollinis,
601 1992 637 2054 iu
665 1990 719 2054 boc
746 2010 866 2054 nemore
889 1988 1087 2054 Galebautem
1109 1991 1183 2054 uites
1205 1995 1352 2055 seremem
1373 1991 1503 2073 quidam

224 2116 326 2178 auyur
347 2096 466 2189 vicinus
484 2098 672 2178 praeteriens
694 2097 775 2161 atate
792 2117 914 2161 errare:
937 2118 1000 2161 uou
1017 2098 1100 2161 euim
1115 2098 1169 2178 fos
1187 2117 1377 2162 essenorum
1394 2098 1503 2162 uiuum

224 2203 296 2266 iurle
319 2205 452 2284 yustare.
495 2208 530 2267 at
556 2205 584 2268 is
613 2224 699 2285 opere
725 2203 861 2268 absoluto
887 2204 1101 2285 vindemiaque
1125 2205 1212 2285 facta
1241 2225 1311 2268 cum
1332 2205 1376 2269 ael
1396 2225 1504 2271 mnam

224 2309 339 2373 metuas
362 2329 487 2390 cumque
509 2311 611 2391 ipsum
633 2331 781 2393 auyurem
805 2311 975 2393 invitasset,
996 2311 1126 2392 protulit
1146 2313 1267 2389 uiuum,
1299 2317 1328 2376 et
1349 2332 1419 2376 cum
1441 2313 1504 2377 aliis

225 2416 321 2480 libare
343 2416 379 2480 iu
399 2416 503 2496 focum
525 2417 623 2496 uellet,
646 2419 728 2482 elisit
748 2438 780 2482 se
801 2438 864 2482 uou
887 2418 986 2482 solum
1002 2423 1165 2503 potarum,
1188 2421 1242 2484 secl
1257 2420 1351 2483 uiam
1368 2419 1431 2484 diis
1448 2420 1502 2484 aa·

172 2541 206 2589 20
226 2527 332 2587 turum
355 2529 384 2587 et
405 2525 553 2601 couolois;
581 2526 631 2588 cui
654 2526 706 2589 ille
728 2526 846 2609 eadem,
868 2529 1052 2608 pausante,
1078 2527 1242 2607 respoudit.
1288 2525 1324 2589 ob
1346 2524 1401 2589 boe
1422 2526 1502 2589 deri-

223 2632 297 2695 dens
319 2651 388 2694 eum
414 2629 543 2696 Galelms
569 2633 644 2696 adeo
671 2634 771 2697 ridere
793 2637 902 2715 coepit,
934 2637 970 2696 ut
990 2636 1110 2714 repente
1130 2632 1294 2696 intercluso
1315 2633 1430 2713 spiritu
1447 2652 1502 2714 po

223 2739 326 2803 culum
349 2737 484 2802 abiceret.
536 2738 635 2803 Varro
659 2740 718 2822 ait,
740 2739 842 2803 aiuela
864 2737 985 2802 detrahi
1007 2738 1107 2816 solita,
1129 2740 1165 2803 iel
1186 2743 1230 2815 est
1251 2740 1403 2820 compedes
1425 2744 1503 2804 eate-

222 2866 338 2927 uosyue
365 2851 394 2909 et
419 2845 500 2929 alia,
527 2847 581 2926 yui
603 2847 765 2910 iutraruut
786 2847 820 2910 iu
843 2845 1002 2926 Apollinis
1025 2844 1145 2928 Gryuei
1168 2846 1283 2924 lucum,
1310 2851 1339 2910 et
1360 2846 1428 2928 picra
1450 2866 1503 2910 ar·

224 2952 355 3017 boribus.
401 2951 435 3015 in
469 2974 532 3035 quo
566 2953 631 3017 luco
664 2953 839 3036 aliquando
873 2950 1011 3016 Calchas
1045 2956 1079 3016 et
1110 2952 1245 3037 Mopsus
1279 2953 1431 3018 dicuntur
1464 2953 1528 3033 dep

171 3077 204 3125 25
224 3059 343 3144 peritia
366 3058 534 3123 divinandi
562 3059 648 3123 inter
672 3080 706 3122 se
730 3058 882 3123 habuisse
906 3062 1082 3123 certamen:
1115 3063 1149 3122 et
1172 3082 1245 3124 oum
1269 3059 1307 3123 de
1330 3054 1529 3145 pomorum}

224 3167 351 3230 arboris
375 3166 542 3230 cuiusdam
565 3165 798 3230 contenderent
821 3186 970 3248 numero,
1004 3166 1099 3229 stetit
1123 3166 1228 3251 gloria
1249 3164 1380 3249 Mopso:
1413 3150 1530 3235 cuiusl

225 3275 271 3339 rei
296 3273 407 3338 dolore
431 3271 569 3338 Calchas
593 3273 727 3337 interiit.
774 3273 836 3337 hoo
865 3275 974 3336 autem
999 3272 1219 3356 Euphorionis
1243 3273 1412 3336 continent
1433 3244 1530 3337 car-l

225 3384 327 3466 mina,
351 3402 432 3464 quae
457 3379 572 3445 Gallus
595 3380 768 3444 transtulit
791 3379 825 3443 in
849 3400 1030 3443 sermonem
1054 3378 1207 3443 latinum:
1237 3379 1323 3443 unde
1347 3382 1397 3442 est
1420 3378 1503 3443 illud

225 3491 258 3554 in
276 3490 349 3572 fine,
372 3488 428 3552 ubi
444 3486 557 3551 Gallus
577 3487 722 3571 loquitur
737 3484 788 3569 <X
803 3486 867 3566 50>
892 3485 955 3549 ibo
980 3490 1017 3549 et
1039 3483 1266 3550 Chalcidico
1291 3507 1386 3570 quae
1410 3489 1503 3550 sunt

171 3615 205 3662 30
225 3597 319 3661 mihi
343 3595 500 3660 condita
527 3617 638 3659 versu
662 3594 847 3676 carmina3
870 3615 946 3656 nam
971 3590 1101 3657 Chalcis
1124 3591 1241 3656 civitas
1265 3595 1315 3658 est
1339 3592 1502 3676 Euboeae,

225 3704 264 3768 de
287 3727 351 3787 qua
373 3703 480 3767 fuerat
502 3701 702 3785 Euphorion.
794 3720 932 3763 aeterra
957 3701 1107 3765 laudetur.

314 3813 364 3876 73.
388 3827 513 3888 nnovis
537 3827 591 3875 sm
614 3825 726 3874 nvcvs
750 3824 820 3885 ovo
844 3825 884 3872 ss
908 3824 996 3872 snvs
1020 3826 1039 3871 1.
1060 3825 1091 3871 A.
1115 3829 1228 3871 sensus
1251 3807 1305 3871 hio
1328 3810 1392 3871 est:
1417 3807 1445 3872 si
1464 3812 1501 3872 tu

225 3938 437 3946 ——.-—.-——.

314 4010 347 4059 24
366 4006 395 4058 in
414 4021 469 4073 qno
488 4005 551 4058 luco
572 4021 595 4057 e.
615 4022 641 4071 q.
662 4002 696 4073 s]
716 4018 802 4055 exsor.
824 4000 996 4071 mythogr.1
1018 4000 1200 4068 194;11224

314 4188 328 4235 1
347 4181 460 4237 boeliae
478 4184 505 4237 L
518 4186 557 4253 113
576 4180 730 4252 puericiam
748 4180 774 4233 L
788 4182 796 4250 ll
811 4179 912 4235 soneL
925 4180 965 4247 l4
985 4179 1080 4250 omno]
1100 4178 1266 4232 miraculum
1284 4177 1432 4247 Apollinis,
1451 4169 1512 4248 qui'

224 4258 381 4324 serpentem
400 4253 440 4308 ibi
459 4254 563 4309 occidit
580 4255 644 4308 add.
664 4253 768 4306 Dauiel
782 4255 791 4323 [Ι
806 4258 821 4305 5
840 4251 954 4322 finibus]
975 4249 1054 4306 siluis
1070 4251 1095 4303 A
1110 4253 1119 4321 ss
1134 4267 1151 4303 a
1164 4250 1245 4318 grino
1260 4249 1319 4304 filio
1335 4249 1363 4303 L
1381 4269 1399 4305 a
1412 4250 1499 4306 Grino

224 4325 283 4381 filia
300 4326 412 4380 Daniel.
449 4327 599 4392 fortassee
618 4325 710 4393 Gryno
729 4321 941 4393 Eurypylifilio
969 4325 978 4392 ΙΙ
1006 4320 1110 4391 Grynio
1129 4338 1188 4389 eya:
1222 4339 1312 4392 gryna
1330 4322 1357 4375 L
1393 4321 1500 4392 Grynia

226 4399 382 4453 Massicius
407 4399 417 4466 ΙΙ
440 4403 456 4450 6
475 4395 611 4451 iucundus
630 4412 689 4466 eya:
708 4395 831 4450 iocunda
849 4395 875 4448 L
911 4393 1031 4450 iocunda
1050 4394 1155 4447 Dauiel
1191 4393 1272 4447 iunco
1293 4393 1475 4449 Oommeliuus
1492 4395 1501 4464 l

223 4503 337 4559 floribus
356 4520 428 4574 quae
448 4503 559 4574 suariis
578 4504 605 4557 L
623 4507 693 4572 (uua
712 4503 804 4557 littera
822 4503 909 4556 deleta
926 4503 974 4569 est)
989 4503 999 4571 ΙΙ
1018 4507 1034 4555 8
1054 4478 1162 4570 elypidi
1181 4500 1208 4553 L
1221 4501 1260 4568 119
1280 4500 1413 4555 adversus
1433 4501 1501 4556 Tro·

223 4576 302 4631 ianoe
321 4575 434 4630 Graecis
466 4578 547 4630 immo
566 4576 696 4630 adrasus
715 4574 833 4629 Graecos
849 4573 979 4627 Troianis
992 4576 1002 4644 ΙΙ
1018 4579 1050 4626 10
1069 4572 1179 4642 telephi
1198 4571 1225 4624 L
1238 4573 1247 4641 l
1262 4572 1363 4626 arculis
1382 4573 1418 4640 L,
1437 4574 1499 4626 her-

224 4648 295 4703 culis
314 4650 324 4701 l
340 4650 349 4717 ΙΙ
370 4654 403 4702 14
420 4665 538 4718 grynum
557 4646 598 4714 L,
616 4664 685 4702 corr.
705 4646 859 4701 Masoieius
876 4646 885 4714 ΙΙ
906 4651 937 4698 tr
957 4644 1148 4714 uindimiaque
1168 4644 1195 4697 L
1212 4645 1222 4712 ΙΙ
1240 4650 1274 4697 20
1294 4645 1330 4697 ob
1351 4660 1384 4698 oe
1403 4644 1430 4697 L
1443 4645 1452 4713 ΙΙ
1466 4649 1500 4697 21

224 4720 337 4773 calchas
356 4722 378 4774 l:
403 4719 534 4774 chalchae
552 4718 579 4771 L
606 4720 615 4788 ΙΙ
642 4720 718 4788 cepit
736 4718 763 4771 L
789 4716 798 4784 ΙΙ
825 4722 859 4770 23
884 4716 944 4786 qui]
970 4717 1084 4782 sortasse
1107 4717 1131 4768 si
1154 4715 1203 4782 qui
1221 4713 1308 4768 vincti
1333 4716 1374 4770 uel
1392 4716 1433 4767 eis
1452 4715 1501 4783 qui

224 4791 310 4845 vineti
324 4794 334 4860 ΙΙ
348 4798 382 4844 ‘26
403 4791 511 4860 Mopso]
532 4791 607 4845 circa
626 4807 753 4860 mopsum
772 4788 799 4841 L
813 4792 822 4859 {l
836 4794 869 4842 27
890 4787 1059 4842 eufebrionis
1078 4789 1104 4842 L
1118 4789 1128 4856 ΙΙ
1141 4785 1291 4841 concinent
1309 4786 1336 4838 L
