3354 5430
260 351 324 418 156
502 328 504 333 ’
834 353 962 433 εΕΕινΠι

258 518 385 603 pluvias
408 541 466 603 per
490 519 632 584 solstitia
655 523 687 584 et
710 542 767 603 per
790 517 929 584 hiemem
953 519 1174 605 serenitatem,
1201 541 1288 602 cum,
1321 521 1357 583 ut
1381 518 1532 602 diximus,

258 647 359 690 unum
382 626 540 691 aestivum
565 627 608 691 sit
632 630 664 690 et
688 626 773 692 aliud
792 624 931 692 hiemale
951 626 1137 691 solstitium.
1165 626 1220 691 scd
1240 624 1414 710 sciendum,
1433 624 1531 690 modo

259 755 379 797 anuum
411 733 444 796 iu
477 737 631 818 quattuor
661 738 771 820 partes
805 756 875 799 csse
907 733 1059 799 divisum:
1092 733 1126 798 in
1154 734 1216 798 duo
1245 732 1388 798 solstitia
1411 736 1444 798 et
1466 732 1532 798 duo

258 840 474 926 aequinoctia,
499 864 598 905 unum
622 842 751 907 vernale
775 845 808 905 et
830 841 918 905 aliud
945 842 1146 925 autumnale,
1175 863 1256 925 quae
1282 840 1395 905 Graeci
1420 840 1533 925 ἰσημε-

223 949 331 1033 5ρίας
353 951 473 1013 vocant
496 986 537 995 —
563 953 639 1013 sunt
663 953 770 1013 autem
794 949 959 1014 haeevlu.
973 947 1029 1014 Kr.
1052 949 1203 1031 aprilium
1228 951 1260 1012 et
1274 966 1347 1013 v111.
1362 946 1418 1012 Kr.
1442 951 1531 1013 octo·

257 1054 364 1119 brium
392 1055 443 1120 die
467 1078 524 1119 —:
554 1055 608 1139 qui
637 1078 740 1120 annus
765 1055 844 1120 olim
868 1055 903 1119 in
926 1056 1004 1120 duas
1027 1059 1158 1120 tantum
1181 1059 1291 1141 partos
1315 1053 1531 1140 dividebatur,

256 1163 318 1228 hoc
342 1166 392 1228 est
415 1163 450 1227 in
473 1162 632 1227 aestivum
657 1166 690 1227 et
712 1160 851 1228 hiemale
871 1163 1058 1247 solstitium,
1082 1164 1116 1227 in
1134 1163 1198 1227 duo
1217 1162 1470 1246 hemisphaeria:
1493 1164 1532 1227 ut

257 1271 486 1356 intellegamus
510 1272 619 1336 omnia
642 1293 715 1335 eum
739 1272 886 1354 tempora
910 1270 1051 1336 voluisse
1075 1270 1254 1354 complecti.
1300 1270 1462 1343 namhoc
1485 1269 1531 1335 di-

257 1378 315 1443 cit:
340 1378 517 1462 optandum
541 1377 685 1461 rusticis,
709 1380 745 1441 ut
768 1377 949 1442 autumnali
972 1381 1003 1441 et
1026 1377 1160 1442 hiemali
1182 1381 1329 1462 tempore
1349 1377 1392 1442 sit
1410 1376 1530 1442 sereni·

205 1489 309 1559 lotas
332 1507 472 1569 -quae
496 1484 559 1550 duo
583 1489 730 1568 tempora
753 1506 811 1569 pro
834 1507 897 1549 uno
920 1484 1124 1550 habebantur
1148 1485 1323 1549 secundum
1346 1484 1533 1568 hemicyclii

256 1593 431 1677 rationem,
460 1596 496 1657 ut
524 1590 676 1675 diximus,
700 1629 742 1638 -
766 1590 893 1656 vernali
920 1614 996 1657 vero
1025 1596 1057 1656 et
1086 1593 1211 1657 aestivo
1235 1596 1381 1675 tempore
1404 1597 1442 1657 ut
1464 1592 1533 1657 sint

256 1700 398 1786 pluviae,
427 1721 509 1784 quae
538 1703 570 1763 et
596 1699 669 1784 ipsa
697 1698 760 1764 duo
783 1702 932 1785 tempora
955 1722 1013 1783 pro
1037 1722 1101 1766 uno
1126 1703 1227 1764 erant.
1272 1701 1384 1763 tamen
1407 1698 1435 1763 si
1458 1698 1531 1764 dili·

257 1809 371 1890 genter
395 1807 614 1892 attendamus,
637 1807 765 1890 poetica
789 1806 919 1871 licentia
943 1812 992 1872 est
1012 1829 1102 1892 usus,
1125 1810 1163 1872 ut
1180 1807 1340 1890 pluralem
1358 1828 1530 1872 numerum

257 1936 316 1998 pro
341 1912 498 1998 singulari
520 1916 668 1998 poneret:
696 1936 773 1978 nam
796 1911 962 1979 ‘solstitia'
984 1936 1044 1998 pro
1069 1913 1210 1979 solstitio
1234 1917 1267 1978 et
1290 1911 1446 1978 ‘hiemes'
1469 1935 1530 1998 pro

204 2037 236 2088 15
256 2021 361 2085 hieme
388 2020 508 2106 posuit.
555 2021 633 2086 dicit
661 2024 784 2105 autem,
817 2021 960 2106 optanda
988 2009 1066 2086 haec
1095 2043 1176 2106 quae
1204 2043 1262 2106 per
1289 2022 1531 2086 naturam-non

256 2131 346 2212 sunt,
374 2149 437 2211 quo
467 2130 572 2212 possit
596 2129 764 2215 utriusque
787 2127 944 2212 temporis
968 2129 1126 2213 asperitas
1151 2128 1310 2214 mitigari,
1339 2130 1372 2192 et
1395 2127 1530 2223 aestatis

256 2235 344 2299 calor
376 2234 511 2320 pluviis,
545 2240 579 2302 et
610 2220 714 2322 lrigus
749 2235 865 2300 hiemis
899 2236 1084 2301 serenitatis
1117 2239 1237 2321 tepore.
1291 2256 1366 2301 sune
1400 2236 1531 2318 quidam

256 2340 378 2406 ‘nnita
404 2343 537 2408 solstitie
564 2348 655 2426 ntqen
682 2342 793 2408 tunes
820 2348 903 2408 nau
929 2342 1067 2408 suenns'
1094 2364 1155 2426 pro
1178 2341 1305 2408 truncti
1328 2347 1449 2407 tanuen
1471 2343 1530 2409 sot·

254 2449 337 2514 stitia
360 2450 526 2531 annuunt,
559 2449 613 2515 noe
635 2456 679 2515 est
699 2471 736 2516 eu
758 2451 904 2535 solstitia,
936 2472 1014 2532 quoe
1035 2452 1144 2516 nunide
1166 2451 1286 2515 trahunt
1313 2450 1458 2532 temporis
1478 2470 1531 2514 ru·

202 2575 236 2623 ao
256 2557 336 2621 tione
344 2577 418 2652 pase
441 2577 556 2622 nuesse
578 2563 622 2622 est
637 2595 676 2605 -
691 2579 767 2623 num
780 2559 906 2624 natatis
919 2559 1053 2623 sotstitiu
1066 2559 1173 2623 umida
1187 2578 1323 2623 essenon
1341 2562 1531 2648 possunt—‚

254 2668 291 2727 nt
317 2663 373 2728 sut
400 2684 466 2729 nene
494 2665 718 2748 specificatione
746 2666 862 2731 dietum
891 2667 933 2732 sit
960 2664 1084 2731 ‘umida
1109 2666 1242 2731 solstitio
1269 2670 1360 2749 amne
1386 2664 1531 2730 hiemes':

255 2772 338 2854 quod
358 2773 519 2837 ostendunt
539 2773 750 2863 subsequentia
773 2773 913 2838 ‘hiberno
937 2773 1106 2838 lactucinu
1126 2773 1252 2854 pulnere
1272 2770 1399 2853 furru',·
1435 2794 1532 2855 neque

255 2880 337 2944 eninr
360 2879 481 2961 utipanti
502 2881 538 2944 de
560 2883 685 2946 nectutis
707 2882 836 2946 solstitio
859 2882 904 2945 eet
928 2886 1058 2963 tenpore
1079 2881 1268 2944 memoravit.
1294 2880 1347 2945 seut
1364 2880 1464 2944 nerim
1481 2900 1532 2945 eu·

251 2987 365 3067 positio
387 2986 441 3050 tuoe
463 2986 565 3052 trahet:
590 2987 708 3053 ‘umida
730 2989 862 3053 solstitia
885 2992 974 3068 utque
996 2986 1106 3052 tunes
1124 2992 1208 3052 orate
1225 3006 1348 3052 serenus
1366 2985 1531 3068 apricolue’

202 3112 237 3159 as
255 3113 317 3157 nen
339 3094 421 3174 quod
441 3096 550 3160 ainictu
573 3115 634 3160 esse
655 3097 793 3174 debeant,
816 3096 869 3160 scd
882 3094 1002 3159 ‘timido
1019 3093 1162 3159 solstitiu'
1176 3093 1327 3178 epitheton
1349 3092 1458 3159 hiemis
1480 3099 1533 3172 est,

254 3205 284 3264 et
305 3202 392 3265 unedo
419 3201 483 3290 troc
499 3203 589 3266 dicit:
625 3203 758 3268 solstitio
780 3203 849 3281 itta,
881 3222 959 3283 qnae
981 3203 1088 3266 uincto
1110 3207 1184 3267 sunt
1204 3197 1403 3286 naturaliter,
1434 3201 1535 3267 idest

254 3307 396 3391 tinterna,
422 3330 439 3373 o
463 3309 627 3391 auricolae,
655 3315 684 3374 et
704 3310 816 3375 ttiunes
838 3329 961 3375 suerius
984 3314 1083 3374 unte:
1115 3309 1179 3374 nisi
1201 3310 1283 3374 enin
1305 3328 1446 3374 suenum
1467 3329 1532 3375 cue

256 3413 320 3478 tum
341 3414 449 3498 fuerit,
471 3437 525 3481 nec
547 3418 609 3481 seri
626 3419 740 3499 poterit
761 3438 815 3482 nee
837 3418 939 3500 cruri,
962 3421 998 3481 nt
1014 3417 1079 3498 ipse
1097 3418 1178 3481 dinit
1195 3417 1230 3481 in
1248 3417 1383 3498 sequenti
1397 3415 1533 3481 ‘tiberne

257 3522 426 3587 laetissime
444 3524 568 3606 pulnere
588 3524 715 3605 furru';
739 3526 803 3589 nisi
826 3526 907 3589 enine
929 3544 1068 3589 serenum
1089 3524 1198 3604 fuerit,
1219 3524 1327 3606 puluis
1348 3544 1364 3588 e
1386 3528 1470 3588 terra
1493 3523 1533 3588 te·

203 3649 237 3696 ao
254 3631 325 3693 nuni
350 3650 413 3694 non
435 3633 555 3713 poterit.
601 3654 669 3715 erpo
697 3632 751 3698 hoe
777 3633 868 3697 dicit:
900 3632 1032 3696 solstitia
1059 3632 1187 3696 tantuna
1213 3635 1241 3694 et
1262 3651 1326 3694 non
1348 3630 1448 3696 sotum
1470 3630 1530 3696 sot-

254 3737 353 3820 stitio,
389 3738 424 3801 id
454 3743 498 3803 est
527 3738 729 3805 solstitiorum
759 3740 827 3805 sote
859 3744 1007 3823 ternpore,
1042 3740 1095 3804 sed
1126 3758 1229 3803 onnes
1259 3736 1370 3803 hiemes
1406 3758 1530 3803 serenus

255 3847 414 3927 optandae.

346 3953 418 4017 101.
454 3969 610 4017 nmuano
633 3972 792 4020 Pvuvnuu
815 3954 951 4019 hiberna
974 3953 1163 4037 serenitate,
1186 3974 1224 4017 eo
1248 3950 1334 4036 quod
1357 3952 1460 4016 nimia
1483 3974 1530 4017 se·

346 4188 362 4235 3
381 4183 411 4236 et
429 4183 483 4237 duo
502 4182 763 4252 aequinoctia...in
782 4185 837 4239 duo
856 4182 1074 4255 hemisphaeria]
1095 4199 1180 4238 exscr.
1200 4181 1265 4237 lsid.
1285 4199 1324 4237 or.
1343 4182 1368 4236 V
1388 4187 1461 4250 34,ss

344 4394 522 4451 thiemnale
540 4397 618 4466 Pna
638 4397 667 4451 in
685 4402 748 4452 unte
767 4397 821 4452 duo
841 4414 890 4452 oen.
916 4398 992 4467 Vnt
1011 4396 1124 4466 graecia
1142 4397 1170 4452 A
1187 4400 1196 4465 ΙΙ
1214 4416 1355 4451 mirumne
1374 4398 1411 4451 L:
1431 4415 1529 4454 ruo...

255 4486 315 4523 msc
334 4469 361 4522 A
399 4487 574 4522 morumne
596 4469 623 4521 P
658 4488 818 4523 aicnuaurac
843 4469 907 4524 VH
940 4469 1405 4540 umuuuachlbbisvm.]x11.
1430 4468 1477 4538 Vll
1490 4483 1534 4523 oc-

256 4540 344 4593 tubris
368 4540 413 4609 Vt!
433 4547 449 4595 6
469 4539 529 4611 qui]
550 4540 615 4608 quia
639 4541 665 4594 V
681 4547 706 4595 et
723 4541 850 4596 Isidorus
872 4543 881 4611 ΙΙ
905 4548 919 4596 7
940 4543 969 4595 et
986 4542 1016 4595 in
1033 4539 1155 4594 hiemale
1180 4540 1246 4593 VM
1282 4544 1311 4594 et
1329 4539 1470 4594 hiemnale
1488 4539 1536 4611 Pil

258 4609 285 4664 in
304 4611 372 4694 duo]
391 4613 467 4666 etin
487 4612 542 4694 duo
561 4611 622 4666 LV
642 4613 683 4694 ,id
704 4612 796 4666 estin
815 4613 869 4668 duo
889 4632 906 4667 u
920 4615 929 4683 ΙΙ
944 4612 1012 4667 emis
1032 4612 1110 4667 fieriu
1128 4613 1155 4666 A
1184 4609 1324 4693 emissaria
1341 4612 1437 4694 ⁴IJLH
1466 4610 1534 4694 emi-

257 4683 1535 4826 rennuentiacucelaeliuminlicere:

256 4826 383 4902 tempore
401 4828 501 4903 reliqui
513 4828 523 4901 ΙΙ
536 4831 570 4882 25
590 4827 755 4898 epithethon
774 4826 801 4880 L
855 4774 874 4826 y
1526 4795 1534 4808 ο
