3354 5430
255 345 277 404 4
810 357 816 369 ·
834 345 954 399 SERVll

256 507 420 570 successit
482 507 664 571 notandum
696 530 836 592 quoque,
873 509 1020 572 bucolica
1051 509 1102 572 vel
1135 509 1300 593 georgica,
1337 531 1410 572 cum
1443 509 1529 593 apud

219 682 222 686 ,
254 612 396 678 Graecos
418 614 454 677 in
471 615 535 678 fine
553 614 697 678 habeant
715 619 897 694 accentum,
920 616 1006 699 apud
1024 638 1084 679 nos
1104 615 1139 679 in
1157 617 1255 680 tertia
1273 638 1293 679 a
1311 615 1375 678 fine
1393 615 1528 679 habere:

253 743 333 799 nam
358 727 395 784 ut
420 722 454 784 in
482 721 599 785 ultima
626 721 684 803 sit,
716 722 862 785 latinitas
891 726 996 806 vetat,
1026 726 1064 786 ut
1090 722 1126 785 in
1153 722 1356 805 paenultima
1383 744 1448 786 non
1476 723 1529 805 sit,

248 828 424 909 *brevitatis
457 828 558 893 eflicit
588 829 684 892 ratio.
744 831 844 893 etiam
875 830 937 893 hoc
969 829 1147 908 sciendum,
1179 832 1213 893 et
1244 851 1401 912 personas
1432 829 1528 893 huius

217 935 361 1019 coperia
388 957 436 998 ex·
454 935 576 999 maiore
604 942 698 1018 parte
726 937 858 1001 nomina
885 937 924 1001 de
950 937 1047 1001 rebus
1075 936 1206 1000 rusticis
1234 936 1354 1000 habere
1382 937 1529 1017 conficta,

242 1048 290 1109 .ut
311 1041 506 1124 Meliboeae,
537 1042 588 1105 ὅτι
616 1041 708 1125 μέλει
736 1043 825 1128 αὐτῷ
848 1055 916 1107 τῶν
939 1047 1041 1127 βοῶν,
1074 1044 1107 1106 id
1135 1047 1186 1106 est
1209 1044 1286 1126 quia
1309 1066 1418 1107 curam
1443 1044 1528 1128 gerit

251 1148 363 1231 boum,
395 1153 430 1212 et
456 1152 495 1212 ut
523 1148 672 1231 Tityrum
703 1173 779 1214 nam
808 1150 973 1215 Laconum
1002 1151 1116 1234 lingua
1145 1151 1266 1234 tityrus
1297 1151 1414 1214 dicitur
1444 1150 1527 1214 aries

251 1255 365 1337 maior,
388 1256 444 1339 qui
467 1276 601 1340 gregem
624 1256 748 1320 anteire
771 1256 954 1322 cousuevit:
991 1258 1074 1321 sicut
1098 1256 1198 1320 etiam
1221 1257 1256 1320 in
1280 1257 1456 1322 comoediis
1479 1257 1526 1320 iu-

250 1362 413 1445 venimus3
436 1384 511 1426 nam
530 1362 721 1447 Pamphilus
744 1368 795 1427 est
816 1368 923 1428 toturn
946 1387 1073 1447 amans,
1097 1362 1285 1447 Glycerium
1308 1364 1402 1447 quasi
1425 1363 1526 1428 dulcis

199 1489 232 1536 ro
251 1469 381 1552 mulier,
412 1468 607 1533 Philumena
634 1470 793 1534 amabilis,
843 1492 1014 1554 personae,
1046 1472 1132 1535 sicut
1154 1493 1253 1554 supra
1276 1470 1355 1554 dixi,
1386 1471 1526 1534 misticae

251 1579 328 1639 sunt
355 1580 389 1639 et
418 1576 630 1661 simplicitate
659 1578 851 1663 gaudentes:
883 1577 968 1642 uude
995 1577 1077 1641 nihil
1105 1579 1138 1640 in
1162 1577 1213 1640 his
1236 1577 1411 1660 urbanum,
1442 1577 1525 1641 nihil

249 1683 518 1748 declamatorium
550 1685 726 1768 iuvenitur3
760 1686 814 1748 sed
847 1707 886 1749 ex
918 1708 953 1749 re
984 1685 1108 1748 rustica
1139 1689 1216 1748 suut
1247 1684 1358 1748 omnia
1383 1686 1526 1769 negotia,

250 1793 512 1876 comparationes
536 1797 570 1856 et
592 1793 619 1856 si
643 1815 707 1876 qua
730 1796 807 1856 sunt
829 1793 903 1856 alia
949 1792 1024 1857 hinc
1046 1796 1110 1875 est,
1133 1793 1218 1874 quod
1243 1813 1347 1855 annos
1371 1813 1390 1854 a
1413 1791 1525 1856 fructi·

251 1898 310 1961 bus
334 1904 515 1982 computat,
538 1904 574 1962 ut
597 1899 635 1981 <1
658 1901 724 1981 69>
753 1905 842 1983 post
870 1900 1023 1984 aliquot
1048 1921 1131 1963 mea
1158 1919 1279 1982 regua
1302 1898 1435 1962 videns
1460 1899 1525 1961 mi-

198 2025 231 2073 15
250 2006 365 2069 rabor
388 2006 547 2089 aristas,
574 2007 649 2071 hinc
672 2009 773 2071 etiam
795 2008 872 2071 illae
895 2007 1155 2091 comparationes
1179 2010 1255 2069 suut
1279 2004 1330 2085 <V
1355 2007 1420 2089 82>
1442 2029 1526 2070 nam

250 2134 371 2195 neque
403 2134 459 2176 me
491 2117 642 2177 tantum
674 2114 871 2177 venientis
904 2113 1045 2177 sibilus
1078 2113 1203 2177 austri
1239 2135 1307 2176 nec
1342 2134 1528 2196 percussa

250 2220 385 2282 iurant
406 2219 531 2284 lluctn
555 2224 631 2284 tam
655 2220 777 2286 litora
799 2243 867 2284 uec
890 2242 986 2303 quae
1005 2242 1166 2284 saxosas
1186 2222 1289 2282 iuter
1308 2218 1336 2282 d.
1353 2219 1374 2282 l.
1395 2219 1528 2283 valles,

713 2433 893 2500 ECLOGA
916 2433 1063 2499 PRIMA.

339 2581 367 2643 1.
405 2597 536 2643 rmrnn
559 2597 605 2643 rv
628 2596 790 2644 Parvum
818 2597 850 2642 a
874 2596 938 2643 sva
961 2596 992 2642 r.
1015 2593 1099 2640 naci
1127 2576 1290 2640 inducitur
1317 2581 1431 2659 pastor
1460 2576 1527 2660 qui-

249 2686 323 2749 dam
353 2687 459 2750 iacens
483 2688 543 2751 sub
570 2687 686 2750 arbore
716 2709 846 2752 securus
871 2692 904 2750 et
926 2686 1050 2750 otiosus
1074 2684 1151 2748 dare
1175 2706 1309 2768 operam
1332 2682 1523 2765 cantilenae,

195 2813 230 2859 ec
249 2794 334 2856 alter
356 2816 431 2857 vero
455 2794 617 2877 quomodo
640 2817 713 2857 cum
738 2795 893 2880 gregibus
917 2817 954 2857 ex
979 2794 1045 2857 suis
1064 2792 1199 2876 pellitur
1217 2791 1349 2854 finibus:
1374 2790 1428 2874 qui
1451 2813 1524 2854 cum

248 2898 396 2982 'l'ityrnm
420 2901 615 2984 respexisset
638 2902 811 2983 iacentem,
844 2902 892 2965 ita
920 2901 1046 2964 locutus
1075 2904 1132 2963 est.
1171 2904 1204 2962 et
1231 2899 1293 2963 hoc
1321 2898 1393 2962 loco
1420 2896 1526 2980 Tityri

249 3007 310 3069 sub
324 3028 464 3090 persona
472 3005 654 3092 Vergilium
669 3007 824 3071 debemus
839 3007 995 3091 accipere3
1010 3029 1076 3070 uon
1096 3010 1207 3069 tamen
1217 3007 1360 3090 rubique,
1380 3005 1436 3068 sed
1456 3009 1528 3068 tau-

248 3118 319 3177 tum
342 3113 399 3177 ubi
422 3114 525 3199 exigit
547 3116 641 3178 ratio.
687 3115 772 3199 quod
796 3121 905 3179 autem
929 3137 1001 3178 eum
1026 3114 1086 3176 sub
1109 3113 1187 3198 lego
1211 3113 1289 3176 dicit
1313 3115 1425 3195 iacere,
1449 3112 1525 3175 alle

249 3221 344 3305 goria
361 3225 412 3285 est
429 3221 673 3305 honestissima,
693 3222 786 3306 qnasi
806 3222 866 3285 sub
885 3220 1000 3284 arbore
1020 3219 1216 3304 glandifera,
1236 3240 1318 3303 quac
1336 3218 1401 3280 fuit
1418 3219 1524 3282 victus

196 3348 359 3395 ascensa:
382 3333 480 3392 antea
498 3330 585 3393 enim
604 3329 752 3393 homines
771 3328 945 3415 glandibus
964 3328 1186 3411 vescebantur,
1208 3327 1292 3389 unde
1312 3325 1411 3388 etiam
1430 3326 1526 3409 fagus

249 3434 336 3499 dicta
358 3441 408 3499 est
430 3436 495 3500 ἀπὸ
518 3446 579 3501 τοῦ
601 3447 731 3521 φαγεῖν.
759 3438 820 3501 hoc
843 3436 971 3500 videtur
994 3435 1112 3498 dicere:
1135 3434 1221 3497 iaces
1242 3433 1302 3496 sub
1320 3433 1438 3496 umbra
1456 3432 1525 3516 fagi

337 3618 372 3666 25
390 3613 464 3666 uude
483 3611 583 3667 etiam.
594 3656 600 3667 .
613 3614 743 3684 Ιφαγεῖν]
761 3613 797 3666 cl'.
816 3613 880 3666 lsid.
900 3629 939 3666 or.
959 3610 1034 3664 xvn
1055 3617 1080 3679 ⁷,
1094 3616 1129 3663 28

340 3782 353 3828 1
374 3772 501 3828 bocolica
517 3774 545 3826 Β
573 3776 583 3842 ll
610 3773 742 3828 Bucolica
758 3773 788 3826 in
806 3774 860 3826 fine
878 3773 986 3826 habent
1003 3775 1150 3826 accentum
1169 3772 1244 3839 apud
1263 3785 1361 3840 grecos
1381 3769 1457 3837 apud
1473 3785 1524 3821 nos

248 3846 277 3899 iu
295 3846 381 3899 tertis
398 3863 416 3899 a
434 3845 489 3898 fine
507 3845 542 3898 Η
555 3847 566 3912 l
584 3850 600 3897 2
619 3845 735 3916 habere]
754 3845 856 3898 sillaba
873 3847 938 3898 odd.
956 3844 984 3897 Β
1006 3845 1016 3911 11
1038 3850 1056 3896 4
1076 3844 1214 3897 Personae
1232 3841 1315 3895 huius
1331 3842 1424 3896 ...de
1442 3843 1524 3894 rebus

248 3918 356 3972 habent
373 3915 531 3987 composita
549 3917 582 3969 H
597 3918 607 3986 ΙΙ
626 3923 642 3969 6
661 3936 771 3970 emersu
790 3935 884 3969 rorum
903 3936 976 3968 noris·
995 3919 1022 3968 A
1060 3932 1214 3968 onararrm.
1234 3934 1290 3966 rma·
1308 3911 1384 3965 bores
1402 3913 1430 3964 B
1467 3931 1524 3965 orr-

249 4010 341 4043 mrm
360 4008 417 4042 rur
435 4008 509 4042 norun
526 3987 586 4042 Vos.
605 3991 735 4043 omittunt
751 4005 851 4058 graeco
868 3987 942 4041 ΗΜ
951 3988 962 4053 Ι
974 3986 1053 4056 quia]
1075 3988 1123 4054 qui
1137 3985 1204 4038 BH
1214 3987 1254 4053 58
1272 3985 1332 4051 qui]
1351 3984 1400 4051 qui
1419 4001 1452 4036 ex
1471 4000 1524 4037 oue

248 4064 278 4114 et
295 4061 373 4116 hirco
396 4061 522 4114 nascitur
544 4060 640 4128 etqui
660 4061 688 4114 Β
714 4063 724 4128 l
750 4059 892 4113 inuenitur
917 4058 1016 4112 l'os.H
1038 4059 1047 4127 ΙΙ
1070 4056 1263 4126 9glygerium
1282 4056 1343 4108 AB
1378 4053 1523 4122 glicerium

253 4132 361 4188 roam
392 4132 544 4202 gligerium
563 4133 596 4186 Η
619 4135 630 4198 Ι
656 4137 691 4184 10
714 4129 826 4201 mulier]
850 4131 967 4198 gleycon
985 4128 1061 4182 enim
1081 4129 1158 4195 greci
1176 4126 1258 4180 dulce
1276 4128 1323 4178 uel
1342 4131 1464 4180 mustum
1483 4126 1524 4178 di-

248 4206 316 4257 cunt
333 4205 398 4259 aad.
418 4205 447 4257 Β
468 4206 478 4273 ll
500 4204 625 4256 filumiua
644 4203 710 4256 ΑΗ
743 4201 874 4255 Flumina
899 4201 957 4256 l'os.
994 4201 1121 4254 filomela
1139 4199 1177 4252 M
1210 4199 1362 4267 philotium
1381 4199 1409 4251 Β
1430 4200 1440 4266 l
1462 4215 1524 4267 per-

248 4292 345 4330 sonae.
358 4320 363 4330 .
375 4274 476 4331 ,valles
495 4292 545 4327 om.
556 4274 590 4326 H
600 4276 610 4341 ξΙ
625 4280 657 4326 12
677 4274 723 4344 ex]
743 4278 772 4328 ot
784 4273 844 4328 Vos.
858 4277 869 4340 Ι
882 4271 988 4342 omnia]
1007 4272 1122 4326 nomina
1139 4271 1243 4341 calpon
1258 4275 1290 4323 13
1306 4269 1523 4338 comparationis

248 4347 403 4415 Bibola
420 4363 473 4399 om.
497 4346 630 4413 Vocljli
649 4361 701 4398 nec
721 4346 804 4416 qnae]
842 4360 932 4412 neque
950 4345 1011 4397 AB
1024 4343 1221 4412 Vuaflsaxosa
1238 4342 1265 4394 B
1319 4404 1322 4410 Ι

339 4460 373 4507 10
391 4453 544 4522 quomodo]
563 4451 613 4520 qui
630 4453 711 4521 culpo
725 4453 734 4520 l
748 4457 781 4505 21
802 4451 832 4504 in
849 4451 903 4503 hoc
921 4450 984 4503 loco
1002 4449 1031 4503 R
1047 4454 1058 4517 Ι
1075 4449 1194 4518 tityrum
1213 4450 1265 4502 sub
1283 4464 1403 4517 persona
1417 4447 1523 4517 uirgilii

248 4524 306 4579 da.
323 4526 397 4592 libri,
412 4527 519 4579 correct
531 4528 541 4592 fl
555 4527 585 4578 et
602 4525 656 4577 hoc
670 4525 744 4579 loco.
756 4567 763 4578 .
774 4521 873 4592 ratio]
889 4521 940 4574 sub
953 4536 1074 4591 persona
1088 4521 1181 4589 Tityri
1189 4519 1325 4588 Virgilius
1344 4521 1522 4586 intelligitur,

248 4598 301 4649 sub
318 4596 451 4650 Meliboei
474 4597 555 4665 plebs
572 4595 738 4659 Mantuanae,
765 4595 810 4647 rel
828 4591 971 4646 Cornelius
990 4592 1089 4646 Gallus
1107 4593 1219 4646 Daniel.
1256 4594 1291 4658 cs.
1310 4593 1390 4646 schol.
1411 4592 1495 4645 Bora.
1514 4596 1524 4651 l

247 4674 282 4721 25
301 4670 367 4720 ante
385 4668 446 4720 AP
465 4670 475 4733 ΙΙ
498 4668 593 4720 antea.
605 4709 611 4720 .
623 4673 740 4734 ,φαγεῖν
758 4681 807 4720 om.
828 4665 860 4717 H
880 4667 890 4733 l
912 4670 947 4717 26
967 4683 1026 4717 aum
1044 4683 1072 4717 τι
1091 4678 1172 4731 parm
1191 4667 1217 4716 A
1254 4681 1309 4716 ano
1327 4682 1379 4716 ror
1397 4677 1479 4730 pacis
1499 4663 1527 4715 P

248 4759 304 4792 inc
323 4752 473 4805 Torquatis
491 4739 567 4792 RM.
604 4740 678 4806 quod
702 4742 746 4791 est
768 4737 915 4792 comedere
938 4737 1004 4790 odd.
1022 4735 1177 4805 Stephanae
1199 4741 1224 4789 et
1242 4736 1406 4800 Fabricius,
1433 4733 1524 4787 idest

248 4823 266 4861 a
283 4809 479 4865 manducando
498 4812 562 4866 odd.
581 4810 686 4864 Daniel
