3354 5430
220 375 283 439 278
795 370 916 427 ssuvu

219 539 289 603 fuit.
335 545 363 603 et
384 539 491 603 aliter:
515 557 551 602 eu
574 536 646 601 Iaoe
667 541 696 600 et
718 536 860 618 Electra,
882 535 1024 600 Atiautis
1047 535 1128 616 pilia,
1151 536 1291 600 uescitur
1313 533 1497 618 DardauuS,

218 667 256 710 eac
282 667 341 727 qua
363 644 598 722 Erichthonius,
627 644 715 707 cuius
740 641 852 724 Traces,
880 642 968 705 cuius
991 642 1180 719 Assaracus,
1210 642 1298 706 arius
1320 641 1498 705 Laomedon

219 758 247 817 et
269 751 378 835 Capys.
424 756 453 816 et
473 751 690 816 Laomedautis
713 748 875 826 Priamus,
899 749 964 813 eires
987 747 1103 812 Hector
1129 751 1158 811 et
1185 748 1289 824 ceteri;
1320 752 1355 811 at
1381 743 1497 831 Capyis

219 859 381 938 Anchises,
414 860 500 924 euius
523 858 657 940 Aeaeos,
690 857 778 921 auius
801 855 906 938 lutros,
936 876 956 917 a
979 875 1037 936 qua
1061 853 1149 918 Iulia
1169 874 1244 936 aeus
1267 859 1424 919 stemmate
1446 856 1496 919 de-

185 968 336 1033 osceudit
361 969 404 1032 ad
425 966 594 1032 Caesareus.
641 964 700 1029 atii
727 965 786 1028 sic:
819 984 876 1044 per
900 964 1091 1027 Assaracum
1118 961 1271 1026 Traiauas
1297 963 1387 1040 aiau
1420 984 1497 1026 uam

219 1074 394 1139 Assaracus
417 1093 493 1137 auus
507 1072 680 1137 Anchisae:
702 1071 829 1135 Euaius
843 1069 1030 1134 Assaraco
1053 1073 1164 1133 uatus
1182 1069 1303 1152 Capys
1325 1071 1497 1154 optimus,

219 1183 322 1263 isque
351 1182 453 1263 pium
484 1201 526 1244 ea
556 1199 593 1244 se
625 1177 814 1242 Auchiseu
842 1180 1001 1259 perierat.
1051 1196 1120 1258 erpa
1155 1174 1318 1241 ‘Assaraci
1350 1174 1495 1260 (proles')

220 1289 307 1353 Iulia
327 1288 468 1370 familia,
492 1282 598 1372 (quae)
622 1305 715 1366 usque
737 1286 781 1349 ad
802 1284 978 1366 Aupusturu
997 1284 1143 1364 peruenit.

308 1395 360 1458 36.
393 1410 553 1470 rnosavs
571 1408 704 1456 Planus
724 1390 938 1455 Troianorum
957 1412 1026 1473 rex,
1051 1388 1249 1473 Ganymedis
1269 1394 1371 1475 pater,
1395 1414 1496 1477 aquo

171 1518 203 1566 ro
222 1501 318 1565 Troia
340 1501 509 1565 nominata
533 1503 591 1563 est.
718 1515 847 1563 saorra
873 1513 1047 1563 crurnrvs
1071 1515 1212 1562 svaros
1235 1499 1286 1562 vel
1311 1496 1495 1582 Apollinem

223 1608 301 1672 dicit
324 1611 457 1691 propter
481 1627 604 1670 muros:
629 1607 680 1670 vel
703 1604 894 1689 Cynthium,
917 1624 1029 1688 regem
1052 1603 1182 1688 Troiae,
1206 1626 1301 1688 quem
1324 1605 1496 1671 inTroicis

223 1715 290 1778 suis
314 1714 401 1778 Nero
425 1717 664 1778 commemorat.
710 1718 738 1776 et
759 1714 865 1777 aliter:
900 1708 1077 1794 ‘Cynthius’
1101 1712 1214 1793 Apollo
1238 1733 1259 1775 a
1282 1710 1400 1795 Oyutho
1422 1711 1498 1777 Deli

222 1827 330 1886 moute
376 1826 405 1885 et
426 1825 532 1885 utrum
554 1822 629 1903 quia
652 1820 774 1885 aracaio
797 1821 862 1884 eius
885 1819 1006 1884 caudita
1029 1823 1073 1883 est
1097 1818 1205 1901 Troia,
1228 1839 1271 1882 arr
1296 1820 1372 1900 quia
1393 1839 1499 1886 muros

222 1929 286 2010 ipse
308 1928 493 2010 aedificarit,
516 1929 615 1994 dictum
640 1928 751 1991 Troiae
774 1926 901 1990 auctor?

173 2052 204 2099 15
313 2034 363 2099 37.
406 2052 543 2099 myrum
575 2052 719 2099 ruruurx
754 2056 836 2118 quae
870 2032 1051 2097 invidentes
1082 2031 1182 2096 efficit
1211 2031 1365 2098 infelices.
1420 2033 1499 2098 dicit

223 2144 329 2205 autem
356 2163 390 2205 se
413 2140 494 2205 talia
517 2142 713 2226 scripturum
737 2141 788 2205 vel
812 2139 988 2223 facturum,
1015 2142 1052 2203 ut
1076 2138 1300 2224 magnitudine
1325 2140 1374 2204 sui
1398 2162 1497 2204 mere·

223 2251 320 2311 autur
343 2248 510 2312 invidiam:
535 2250 640 2332 ipsam
664 2252 774 2311 tamen
797 2247 950 2311 invidiam
974 2246 1056 2309 nihil
1080 2267 1150 2310 esse
1173 2245 1354 2310 nocituram
1379 2246 1497 2312 timore

222 2376 408 2438 poenarum.
508 2373 630 2420 Annum
654 2372 812 2420 snvuavn
842 2354 978 2418 tristem.
1024 2357 1137 2418 contra
1165 2352 1335 2417 Terentius
1351 2353 1497 2419 ‘tristis

223 2463 417 2526 severitas
440 2463 544 2527 inest
566 2463 605 2526 in
627 2464 735 2526 vultu
759 2465 874 2545 atque
898 2461 937 2524 in
960 2460 1093 2525 verbis
1117 2460 1226 2525 fides.

170 2588 203 2635 20
312 2569 363 2634 38.
393 2586 599 2646 roarosavu
622 2585 754 2634 rxronrs
774 2587 804 2634 Δ.
824 2565 940 2653 quibus
959 2567 1117 2651 religatus
1137 2566 1177 2631 ad
1196 2570 1302 2632 rotam
1322 2572 1385 2652 est,
1409 2573 1497 2653 post-

224 2697 322 2760 quam
345 2675 487 2740 inlicitos
505 2675 644 2772 lunonis
667 2676 783 2760 petivit
806 2676 982 2759 amplexus.
1337 2757 1340 2762 Ι

312 2784 363 2847 39.
400 2801 443 2846 ar
470 2799 543 2847 uon
567 2800 811 2847 uxvrauusruu
837 2800 952 2848 suxvn
980 2782 1067 2866 quod
1095 2785 1208 2847 contra
1236 2786 1381 2848 montem
1410 2783 1497 2868 Sisy·

221 2889 305 2973 phua
338 2889 450 2954 volvit.
496 2894 528 2954 et
559 2890 640 2955 ‘non
673 2888 895 2975 exuperabile'
925 2889 1007 2953 dixit
1039 2911 1104 2954 non
1137 2889 1222 2974 quod
1256 2891 1401 2974 superari
1432 2914 1498 2956 non

222 3000 343 3081 potest,
367 2995 423 3060 sed
447 2996 532 3080 quod
556 3019 730 3082 exuperare
753 3020 819 3062 non
842 2997 930 3062 valet
954 3019 1116 3061 summurn
1140 2998 1261 3061 montis
1286 3019 1446 3063 cacumen.

170 3120 204 3167 25
312 3104 363 3168 40.
401 3121 552 3167 mausus
579 3122 751 3168 narrovn
780 3122 804 3169 s.
830 3121 856 3168 s.
881 3122 912 3181 o.
936 3120 962 3168 a.
985 3122 1007 3168 1.
1035 3103 1136 3169 donee
1169 3103 1322 3168 laudandi
1350 3103 1496 3170 Caesaris

222 3214 351 3294 tempus
376 3210 541 3293 adveniat,
564 3210 693 3274 interim
719 3211 871 3296 georgica
894 3209 1008 3276 scribo.
1042 3208 1227 3292 ‘sequamur'
1246 3231 1305 3292 pra
1330 3210 1497 3294 persepua

221 3316 313 3382 urur’.
359 3317 526 3382 ‘intactos'
550 3321 659 3382 autem
683 3317 729 3382 ait
753 3315 899 3401 ‘saltus’,
922 3317 1008 3403 quod
1033 3323 1108 3382 ante
1131 3319 1240 3402 ipsum
1262 3318 1372 3382 nullus
1395 3318 1497 3383 latine

222 3447 352 3490 carmen
376 3426 566 3511 georgicum
590 3425 728 3510 scripsit.

310 3677 325 3725 6
345 3671 464 3743 Ennius]
484 3689 546 3726 anu.
565 3692 589 3727 v.
602 3680 636 3727 32
655 3693 682 3743 p.
698 3680 713 3727 9
733 3672 814 3727 Vahl.
829 3674 838 3742 1
854 3678 886 3726 18
907 3673 1038 3728 Severum
1057 3672 1180 3742 tristem]
1200 3671 1233 3726 ef.
1253 3671 1324 3727 Nou.
1340 3690 1367 3742 p.
1383 3679 1444 3742 390,
1460 3674 1498 3746 911

221 3743 379 3815 Terentius]
399 3745 485 3799 Andr.
504 3743 529 3798 V
547 3750 572 3812 2,
589 3751 621 3799 16

220 3975 316 4030 ABV
348 3992 432 4044 capys
452 3976 514 4029 PH
525 3978 563 4044 111
585 3977 719 4030 athlantis
744 3976 769 4028 V
791 3978 800 4045 11
818 3982 833 4030 2
854 3974 1024 4030 ericthonius
1049 3977 1076 4031 V
1097 3976 1105 4044 11
1125 3977 1214 4029 Trous
1233 3992 1292 4044 epe,
1316 3977 1350 4042 cf.
1370 3978 1408 4031 ad
1427 3978 1496 4033 Aea.

220 4048 257 4100 lll
280 4054 328 4102 108
348 4054 372 4101 et
391 4046 416 4100 V
434 4053 498 4101 252:
519 4048 607 4101 troius
629 4048 653 4099 V
670 4048 738 4102 Tros
760 4046 938 4102 Gammeliuus
952 4049 991 4117 113
1012 4048 1088 4116 capis
1105 4047 1242 4118 ῑ101018
1257 4046 1332 4117 Vll
1351 4065 1439 4103 aenea
1450 4050 1496 4118 Vh

220 4128 235 4174 6
255 4118 331 4188 capis
356 4118 382 4170 V
397 4121 435 4188 111
455 4119 553 4187 hisque
573 4119 618 4189 Vl
632 4119 746 4173 assarici
760 4119 805 4188 Vt
819 4119 910 4187 proles
930 4124 954 4172 et
974 4125 989 4173 8
1009 4136 1080 4187 quse
1099 4120 1206 4174 addidi.
1240 4119 1370 4173 Assaraci
1389 4119 1498 4175 familia

219 4208 308 4258 usque
331 4189 454 4245 Vreiuus.
493 4197 608 4245 eaerum
632 4208 698 4260 ergo
711 4191 892 4260 ...pervenit
914 4196 975 4259 post
999 4191 1034 4244 ad
1055 4187 1202 4244 Caesarem
1226 4192 1386 4245 collocanda
1403 4193 1497 4246 uideu-

220 4269 266 4316 tur
279 4264 318 4332 19
338 4279 355 4315 a
373 4278 428 4329 quo
448 4264 477 4315 91
495 4262 567 4316 troia
586 4263 646 4316 ΔΡ
657 4264 666 4332 11
682 4271 713 4317 11
734 4263 840 4333 muros]
860 4261 959 4315 Troiae
978 4262 1014 4315 ab
1033 4277 1066 4315 oo
1086 4261 1213 4316 conditos
1232 4264 1295 4317 add.
1316 4261 1401 4316 Fabr.
1417 4263 1497 4332 111111-

219 4333 310 4386 thium
329 4335 356 4385 A
376 4333 519 4401 einthyum
540 4334 573 4386 H
583 4336 592 4404 11
609 4341 639 4387 12
660 4333 831 4403 cynthionl
847 4339 879 4386 18
899 4335 1047 4386 terentium
1064 4333 1112 4403 Ρ11
1126 4334 1222 4386 tristes
1241 4335 1338 4404 Β1119
1359 4334 1495 4388 seueritas

223 4405 258 4458 V:
277 4403 382 4458 ueritas
400 4406 499 4473 reliqui
525 4406 534 4475 11
565 4408 607 4458 est
632 4405 657 4459 V
682 4407 691 4474 11
718 4406 746 4459 iu
765 4423 815 4459 auu.
835 4405 933 4458 APH
947 4406 956 4473 11
975 4407 1059 4472 atque
1078 4402 1107 4458 iu
1126 4405 1219 4458 verbis
1237 4405 1306 4458 fides
1324 4421 1373 4458 om.
1394 4405 1421 4458 B
1441 4406 1450 4475 11
1468 4407 1496 4459 in

219 4476 312 4530 verbis
330 4475 399 4529 fides
419 4477 456 4529 P:
475 4475 493 4529 1.
509 4495 534 4529 u.
550 4475 569 4530 f.
589 4477 656 4530 AH
679 4476 708 4531 in
723 4477 795 4530 facie
813 4477 858 4545 Vt
872 4482 905 4530 20
925 4476 1038 4546 quibus]
1058 4475 1192 4531 videlicet
1210 4474 1290 4529 ixion
1309 4477 1371 4531 add.
1383 4476 1470 4531 Febr.
1485 4479 1494 4544 1

220 4546 343 4617 eligatus
363 4547 549 4603 Oaralir.186
568 4551 577 4618 1
598 4554 629 4602 21
652 4547 801 4618 conplexus
825 4547 890 4603 PH
904 4549 913 4617 11
926 4553 965 4613 ,13
984 4549 1013 4602 91
1032 4564 1081 4603 ara.
1101 4549 1128 4602 B
1149 4548 1227 4618 1111011
1247 4548 1285 4601 P:
1305 4564 1355 4601 om.
1374 4549 1474 4618 reliqui
1487 4550 1496 4618 11

220 4619 397 4688 exuperabile
423 4620 448 4672 V
483 4620 676 4688 exsuperabile
695 4621 756 4673 AB
789 4618 946 4689 superabile
967 4619 1034 4673 PH
1044 4621 1053 4689 11
1067 4625 1102 4673 24
1121 4634 1272 4688 exuperare
1291 4619 1362 4672 BP:
1383 4636 1497 4688 exsupe-

219 4707 281 4743 rare
300 4692 399 4759 reliqui
412 4692 421 4759 11
435 4697 469 4744 26
489 4691 665 4746 aduenietH
674 4694 684 4762 11
697 4693 779 4745 281111
793 4698 856 4745 ull
876 4709 948 4744 urvo
967 4710 1067 4745 nomm
1086 4709 1160 4745 rvssu
1179 4708 1234 4745 non
1252 4690 1335 4757 levia,
1356 4693 1404 4744 sed
1425 4708 1496 4760 quae

219 4761 386 4816 felicitatem
410 4763 512 4816 habere
536 4763 647 4831 possint
670 4764 720 4816 aut
743 4763 870 4819 debeant.
903 4763 932 4816 et
951 4761 1071 4817 subaudi
1088 4763 1257 4830 ‘sequamur'
1274 4780 1290 4817 a
1309 4763 1497 4832 praecedente

220 4848 314 4899 versu,
334 4834 363 4886 id
383 4835 426 4888 est
444 4848 645 4903 prosequamur
663 4835 749 4890 edidit
768 4834 855 4889 Fahr.
892 4835 927 4901 cf.
947 4834 1022 4889 Nou.
1037 4838 1176 4903 113411
